2042 3070
742 429 1028 469 *³⁹13ss

341 544 455 591 ,Non
487 545 587 585 illas
623 546 763 598 (apes)
799 547 940 586 libido
969 524 1250 599 progenerat
1282 548 1516 587 domitrix-

252 647 340 686 que
360 635 559 675 omnium
583 635 844 675 animalium
862 635 1020 675 Venus
1040 668 1048 676 .
1067 668 1075 676 .
1097 668 1105 675 .
1154 635 1307 675 Abest
1335 636 1516 676 inimica

251 723 469 764 virtutum
517 724 729 777 voluptas
778 724 915 764 castis
954 724 1051 764 sine
1090 725 1195 764 labe
1236 725 1514 777 corporibus.

251 810 389 853 Solae
423 813 621 853 omnium
654 827 744 853 non
778 815 918 854 edunt
949 813 1099 854 foetus
1133 814 1216 853 sed
1247 813 1447 855 faciunt.'

250 883 256 889 ¹
337 901 409 942 Ac
433 902 605 942 Plinius
639 902 699 943 ait
733 903 800 955 (N.
818 903 875 943 H.
895 902 979 951 XI,
1005 903 1092 954 16):
1128 902 1313 956 ‚Apium
1333 935 1340 942 .
1362 936 1369 943 .
1391 935 1399 942 .
1425 904 1512 945 coi-

248 998 321 1031 tus
344 991 471 1031 visus
500 999 569 1032 est
597 990 839 1044 nunquam'
864 992 919 1044 (v.
938 992 996 1031 ib.
1019 992 1100 1043 23).
1124 1017 1178 1020 —
1203 990 1512 1044 Quamobrem

247 1080 467 1132 apiarium
494 1082 552 1120 ad
576 1094 724 1134 apem,
757 1081 845 1121 hoc
875 1081 1133 1134 symbolum
1160 1081 1396 1126 castitatis,
1430 1095 1509 1134 pu-

244 1183 343 1210 rum
389 1171 614 1210 accedere
654 1170 888 1222 Vergilius
938 1170 1002 1210 ita
1043 1170 1170 1209 iubet
1216 1169 1401 1223 (Georg.
1431 1169 1509 1219 IV,

246 1262 327 1300 228
347 1259 485 1313 sqq,):

244 1347 312 1397 ‚Si
334 1350 518 1402 quando
542 1350 700 1389 sedem
724 1356 968 1402 angustam
993 1356 1269 1403 servataque
1294 1350 1430 1389 mella

242 1438 490 1479 Thesauris
513 1439 679 1479 relines
695 1472 703 1487 ‚
736 1438 862 1492 prius
885 1439 1053 1478 haustu
1077 1452 1263 1491 sparsus
1287 1451 1507 1490 aquarum

245 1526 336 1568 Ore
359 1527 465 1568 fove
488 1527 729 1580 fumosque
751 1541 888 1567 manu
909 1527 1162 1580 praetende
1185 1527 1505 1579 sequaces’....

331 1617 390 1657 Et
436 1616 688 1658 Columella
735 1618 872 1657 docet
918 1616 1028 1667 (XI,
1072 1631 1133 1667 14,
1165 1616 1229 1667 3):
1284 1615 1505 1663 ‚Maxime

243 1707 590 1747 custodiendum
625 1713 695 1746 est
728 1706 924 1746 curatori
958 1706 1048 1758 (qui
1070 1719 1182 1758 apes
1205 1705 1371 1756 nutrit),
1404 1718 1505 1744 cum

242 1796 372 1837 alvos
393 1802 592 1837 tractare
616 1795 815 1843 debebit,
849 1794 913 1835 uti
936 1794 1082 1848 pridie
1111 1802 1264 1835 castus
1288 1794 1345 1833 ab
1368 1794 1505 1833 rebus

240 1885 451 1925 venereis
471 1914 592 1926 .....
627 1898 707 1925 eos
740 1882 960 1925 accedat’.
1007 1865 1064 1936 (V.
1090 1891 1147 1924 et.
1171 1883 1348 1923 Pallad.
1372 1882 1403 1930 I,
1430 1895 1504 1933 373

239 1974 318 2022 IV,
348 1974 425 2027 15).
462 1998 513 2002 ——
548 1973 681 2026 Apes
715 1981 868 2014 autem
900 1972 1077 2021 irritari,
1118 1972 1154 2012 si
1187 1972 1287 2025 quis
1319 1985 1368 2011 re
1402 1984 1504 2011 cum

239 2063 428 2103 muliere
452 2063 612 2103 habita
644 2062 958 2116 aggrediatur,
993 2061 1217 2101 creditum
1251 2073 1365 2107 esse,
1398 2059 1502 2099 Plu-

238 2153 425 2192 tarchus
457 2152 520 2192 ita
553 2151 705 2204 prodit
740 2151 934 2204 (coniug.
959 2156 1196 2204 praecept.
1220 2162 1263 2201 p.
1290 2148 1406 2200 144):

323 2239 504 2288 ,ammom
536 2241 677 2294 (apes)
717 2237 998 2292 δυσχεραίνειν
1034 2236 1109 2278 καὶ
1149 2234 1377 2291 μάχεσθαι
1419 2238 1503 2284 τοῖς

237 2325 347 2382 μετὰ
368 2331 579 2383 γυναικῶν
600 2326 859 2381 γενομένοις.
878 2352 929 2355 -
947 2329 1011 2369 Ut
1027 2329 1250 2369 Aelianus
1275 2327 1337 2366 ait
1357 2324 1428 2378 (A.
1442 2325 1498 2365 H.

236 2421 293 2468 V,
318 2421 381 2473 11)
417 2422 472 2460 de
507 2419 691 2472 apibus:
