2042 3070
658 419 977 458 *1274

181 534 417 575 Iamblich.
450 536 506 576 de
530 536 606 577 vit.
637 536 837 589 Pythag.
875 537 945 578 ed.
970 537 1158 578 Kuster.
1192 536 1448 577 Amstelod.

190 637 294 676 1707
321 638 358 667 c.
377 624 515 667 XXI.
540 625 631 666 init.
659 632 703 666 et
724 625 949 679 Porphyr.
974 626 1031 665 de
1054 626 1132 666 vit.
1151 625 1353 679 Pythag.
1377 627 1449 666 ed.

180 712 445 754 Holstenius
479 721 588 755 sect.
614 729 679 766 34,
713 715 790 755 ubi
823 715 986 755 eadem
1019 715 1286 768 traduntur).

268 801 404 843 Cuius
438 803 527 843 cibi
561 803 861 857 symbolicam
896 802 1279 856 significationem
1312 803 1448 844 Arte-

178 891 380 932 midorus
422 892 485 932 ita
519 893 655 932 docet
690 891 940 946 (Oneirocr.
964 892 1019 941 V,
1045 896 1096 944 83
1133 894 1202 933 ed.
1238 893 1450 933 Hercher

176 980 302 1033 Lips.
334 981 478 1033 1864):

260 1066 416 1124 ,Ἔδοξε
461 1081 522 1118 τις
566 1064 691 1122 ἄρτον
742 1065 997 1124 ἀποβάπτων
1043 1068 1096 1118 εἰς
1140 1068 1234 1121 μέλι
1280 1067 1446 1110 ἐσθίειν.

175 1152 240 1193 ἐπὶ
269 1153 424 1208 λόγους
461 1154 758 1209 φιλοσοφικοὺς
793 1154 981 1209 ὁρμήσας
1017 1154 1092 1194 καὶ
1122 1153 1197 1208 τὴν
1229 1153 1269 1194 ἐν
1307 1154 1447 1204 αὐτοῖς

174 1238 324 1294 σοφίαν
363 1238 586 1294 ἐπορίσατο
625 1240 701 1282 καὶ
737 1239 1007 1296 περιεβάλετο
1038 1240 1247 1295 χρήματα
1287 1237 1446 1282 πολλὰ·

172 1312 495 1382 ἐσήμαινεμγαρ
532 1326 582 1369 τὸ
620 1328 714 1381 μέλι
750 1327 826 1382 τὴν
858 1327 1044 1368 εὐέπειαν
1074 1331 1151 1381 τῆς
1182 1327 1348 1382 σοφίας,
1389 1325 1445 1377 ὡς

171 1412 288 1463 εἰκός,
320 1412 391 1454 τὸν
422 1413 616 1468 πορισμὸν
647 1413 690 1455 δὲ
720 1414 741 1455 ὁ
771 1411 918 1469 ἄρτος]
943 1440 994 1443 ——

262 1512 436 1554 Sobriis
461 1522 612 1555 autem
628 1515 939 1569 Pythagoreis
963 1516 1095 1569 panis
1118 1516 1252 1555 melle
1277 1516 1442 1557 tinctus

170 1603 458 1655 aptissimum
483 1603 745 1645 alimentum
770 1612 868 1645 erat
893 1604 1029 1645 etiam
1048 1612 1297 1658 propterea
1320 1607 1443 1658 quod

175 1693 265 1731 mel
289 1693 439 1732 ebrios
463 1693 638 1733 sobrios
656 1694 850 1734 reddere
869 1695 1118 1747 putabatur
1137 1694 1192 1747 (V.
1210 1694 1441 1733 Plutarch.

175 1779 388 1834 Sympos.
413 1782 479 1822 III
513 1789 687 1835 quaest.
715 1796 749 1834 7,
780 1786 798 1833 ξ
822 1797 856 1823 2.
915 1782 1119 1823 Macrob.
1154 1781 1248 1823 Sat.
1273 1783 1374 1830 VH,
1397 1796 1440 1834 7;

172 1870 390 1925 Berytius
422 1871 467 1911 in
500 1871 644 1925 Geop.
668 1872 766 1912 libr.
790 1872 892 1920 VII,
918 1886 954 1913 c.
978 1885 1042 1922 23,
1065 1876 1084 1922 ἓ
1110 1873 1158 1924 1).
1195 1896 1247 1900 ——

262 1959 355 2000 Mel
408 1974 517 2001 vero
570 1961 708 2001 etiam
767 1961 1121 2001 somniculosum
1175 1960 1440 2012 ebriumque

170 2050 366 2089 reddere
401 2049 712 2090 existimatum
753 2057 840 2099 est,
889 2064 980 2103 qua
1029 2049 1072 2089 in
1110 2063 1159 2089 re
1193 2048 1439 2102 ancipitem

171 2138 267 2178 eius
314 2146 525 2180 naturam
579 2153 718 2193 supra
763 2140 998 2179 laudatam
1051 2137 1438 2191 recognoscimus.

169 2227 326 2268 Iovem
361 2228 481 2268 enim
513 2229 636 2280 apud
660 2228 895 2282 Orpheum
931 2228 1066 2267 melle
1100 2225 1359 2273 Saturnum,
1391 2232 1439 2265 ut

169 2324 430 2365 exsecaret,
473 2317 647 2357 ebrium
680 2318 936 2358 reddidisse
970 2324 1015 2357 et
1050 2315 1293 2376 sopivisse‚
1328 2315 1438 2353 Por-

168 2407 360 2461 phyrius
393 2409 479 2447 hoc
514 2408 651 2447 modo
685 2407 821 2448 tradit
855 2407 911 2460 (d.
936 2407 1066 2448 Antr.
1092 2405 1144 2445 N.
1167 2404 1326 2455 XVD:
