2042 3070
977 442 1294 482 &⁴142ss

504 558 581 598 ubi
625 559 681 597 de
728 556 947 610 μελίσσαις
994 560 1171 613 scrips„
1205 561 1288 600 loc.
1323 561 1443 601 laud.
1475 561 1667 601 Theocr.
1700 561 1764 617 Id.

505 647 612 695 xv,
638 647 720 700 94).
746 672 798 676 -

594 735 743 788 Quam
793 737 945 790 apium
995 744 1039 777 et
1087 737 1233 778 mellis
1271 738 1517 791 ancipitem
1560 745 1768 778 naturam

506 826 806 880 symbolicam
824 826 866 866 in
886 827 1161 880 Proserpina
1179 827 1280 879 ipsa
1297 827 1563 867 invenimus.
1599 826 1767 878 Quam-

504 916 662 955 obrem
686 916 776 954 mel
799 915 914 955 deae
938 916 1000 955 illi
1024 923 1182 969 aptum
1215 914 1488 957 sacrificium
1517 929 1619 956 esse
1642 916 1767 956 vide-

503 1005 649 1045 batur.
713 1003 856 1057 Apud
890 1003 1049 1045 Silium
1090 1005 1208 1045 enim
1248 1004 1396 1058 (XIII,
1421 1005 1518 1058 429)
1552 1004 1767 1046 Autonoe

505 1093 582 1133 illa
616 1093 701 1133 ait:

564 1187 706 1235 ‚Ante
744 1202 902 1229 omnes
939 1196 1096 1229 taurus
1128 1190 1229 1242 regi
1261 1196 1356 1229 tum
1390 1189 1600 1242 proxima
1633 1187 1766 1228 divae

562 1276 779 1318 Caeditur
810 1277 1064 1318 Hennaeae
1098 1284 1226 1319 casta
1260 1278 1441 1318 cervice
1474 1278 1681 1318 iuvenca.

561 1367 673 1406 Inde
692 1366 785 1414 tibi,
808 1366 1005 1415 Allecto,
1030 1368 1122 1415 tibi,
1142 1381 1372 1420 nunquam
1389 1368 1511 1408 laeta
1528 1367 1765 1420 Megaera,

561 1455 763 1508 Corpore
782 1456 1038 1509 lanigerum
1056 1457 1361 1509 procumbunt
1379 1457 1500 1496 lecta
1517 1457 1765 1497 bidentum.

563 1545 779 1585 Fundunt
812 1546 950 1585 mella
982 1558 1131 1598 super,
1164 1545 1430 1598 Bacchique
1464 1553 1510 1585 et
1540 1545 1673 1586 lactis

1346 1633 1595 1675 honorem.’

501 1724 635 1777 Quod
659 1737 839 1765 sacrum
862 1725 920 1764 ad
944 1723 1128 1764 Allecto
1151 1723 1515 1776 Megaeramque
1543 1736 1634 1763 non
1663 1737 1765 1776 per-

499 1813 645 1853 tinere
689 1813 1098 1853 Drakenborchius
1144 1813 1233 1852 iam
1278 1813 1348 1852 his
1387 1812 1548 1865 paucis
1589 1812 1764 1853 docuit:

502 1915 648 1949 ‚sacra
671 1901 790 1942 enim
813 1902 991 1942 illarum
1015 1903 1205 1942 dearum
1229 1901 1446 1954 nephalia
1476 1908 1616 1949 erant,
1644 1894 1765 1942 unde

500 1990 726 2044 Erinnyas
771 1985 961 2039 „o'aeivoug
1003 1986 1140 2039 {ledus
1187 1998 1355 2031 vocant
1392 1989 1559 2031 Graeci
1607 1994 1662 2044 (v.
1694 2005 1762 2032 en2

503 2078 645 2132 soph.
672 2079 724 2120 O.
750 2079 795 2120 C.
822 2080 928 2132 100).

589 2168 746 2221 Atque
783 2169 944 2208 umbra
982 2168 1348 2222 Clytemnestrae
1389 2170 1514 2222 apud
1552 2168 1764 2223 Aeschy—

499 2258 591 2296 lum
633 2257 884 2310 (Eumenid.
922 2257 1014 2309 106)
1050 2258 1212 2297 Furias
1245 2258 1332 2298 hoc
1366 2258 1501 2297 modo
1535 2257 1763 2311 appellat:

633 2343 695 2392 JH
724 2340 866 2385 πολλὰ
898 2343 970 2398 μὲν
1001 2342 1049 2398 δὴ
1081 2348 1165 2384 τῶν
1197 2342 1305 2397 ἐμῶν
1337 2342 1526 2401 ἐλείξατε

634 2428 744 2481 Χοᾶς
774 2433 810 2470 τ’
844 2426 1012 2481 ἀείναος,
1043 2428 1231 2484 νηφάλια
1261 2430 1534 2486 μειλίγματα,
