2042 3070
984 424 1274 464 *2⁴60ss

496 545 665 591 bimus,
719 543 845 589 illud,
900 543 935 582 si
990 556 1123 582 omen
1174 543 1310 583 medii
1360 542 1462 590 aevi
1512 542 1764 582 secundum

496 640 703 674 veterum
734 632 957 673 rationem
992 631 1319 677 conficeremus
1353 632 1571 672 alterutra
1602 631 1765 671 harum

496 722 825 764 sententiarum
849 728 1058 775 accepta,
1090 734 1224 761 omen
1249 720 1436 760 Rolloni
1468 721 1672 760 oblatum
1706 721 1764 760 ad

495 826 568 853 res
591 812 809 852 militares
832 811 1015 852 omnino
1038 824 1127 851 non
1151 811 1384 864 pertinere
1412 809 1574 850 merito
1603 809 1765 849 intelli-

495 915 723 956 geremus.
791 900 886 942 Sed
924 907 1131 954 tempore
1172 900 1291 941 illius
1323 900 1520 941 Roberti
1557 898 1766 939 homines

494 991 690 1032 fortasse
729 990 818 1031 alia
858 991 1181 1044 superstitione
1221 992 1507 1031 tenebantur.
1575 989 1765 1030 Utcum-

497 1095 584 1135 que
610 1094 720 1121 vero
754 1094 857 1121 sese
889 1094 963 1121 res
995 1082 1148 1129 habet,
1184 1086 1310 1122 certe
1339 1094 1366 1120 a
1388 1080 1623 1121 veteribus
1650 1079 1767 1119 haec

496 1171 758 1212 coniectura
790 1171 941 1212 aliena
972 1170 1068 1211 fuit.
1319 1158 1322 1161 ’

585 1260 634 1302 Si
668 1267 821 1301 autem
861 1274 1065 1309 causam,
1108 1274 1187 1301 cur
1225 1274 1339 1313 apes
1381 1259 1639 1314 symbolum
1677 1266 1766 1299 ter-

495 1351 609 1391 roris
642 1351 824 1399 fuerint,
865 1350 1143 1404 quaerimus,
1186 1363 1241 1390 ea
1274 1350 1317 1389 in
1352 1349 1498 1390 aculei
1530 1348 1575 1387 vi
1607 1355 1767 1401 patere

495 1440 697 1489 videtum
746 1447 837 1494 qua
878 1446 924 1480 et
962 1440 1170 1480 homines
1211 1448 1255 1480 et
1288 1451 1431 1492 equos
1463 1437 1689 1478 interiisse
1723 1436 1766 1477 in

495 1530 760 1570 auctoribus
791 1530 1025 1570 veteribus
1057 1530 1269 1583 legimus,

586 1619 865 1661 Aristoteles
884 1619 1003 1660 enim
1023 1619 1132 1660 dicit
1150 1622 1206 1674 (p.
1223 1624 1319 1661 626.
1333 1620 1379 1661 A
1395 1633 1443 1660 22
1461 1618 1765 1670 ed.Bekker):

495 1705 598 1756 ,Καὶ
631 1704 749 1758 ἵππος
784 1704 864 1762 ἤδη
901 1703 1115 1749 ἀπέθανεν
1150 1706 1227 1750 ὑπὸ
1260 1709 1470 1762 μελισσῶν
1481 1710 1499 1748 ’.
1558 1709 1613 1749 Id
1644 1709 1767 1762 quod

498 1799 672 1839 Plinius
705 1799 776 1840 his
809 1799 962 1840 verbis
1001 1799 1139 1841 refert
1173 1800 1241 1853 (N.
1262 1800 1319 1841 H.
1339 1800 1425 1848 XI,
1451 1798 1540 1852 19):
1592 1798 1691 1846 ,Est
1723 1797 1768 1838 in

499 1889 729 1942 exemplis
763 1903 906 1943 equos
939 1890 997 1930 ab
1030 1889 1083 1930 iis
1118 1889 1311 1943 (apibus)
1345 1886 1556 1930 occisos'.
1588 1911 1638 1916 --
1707 1875 1717 1891 ’

587 1978 746 2032 Atque
778 1985 970 2020 mortem
1003 1979 1327 2021 Hermonactis
1359 1978 1490 2033 pueri
1519 1977 1777 2031 Antipater*

498 2069 586 2108 hoc
639 2068 776 2108 modo
828 2068 966 2109 tradit
1020 2067 1647 2121 (Anth01.Pa1at.1X‚302
1694 2066 1764 2107 ed.

497 2157 731 2209 Diibner):

556 2253 625 2303 ,Τὸ
655 2252 803 2309 βρέφος
833 2253 1113 2308 Ἑρμώνακτα
1145 2253 1438 2309 διεχρήσασθε
1467 2251 1666 2306 μέλισσαι

612 2340 719 2392 (Φεῦ
749 2339 884 2391 κύνες)
916 2338 1131 2395 ἑρπυστήν,
1161 2339 1288 2395 κηρία
1319 2339 1552 2394 μαιόμενῡν·

558 2424 755 2468 Πολλάκν.
786 2426 819 2468 δ’
851 2424 896 2483 ἐξ
925 2426 1060 2482 ὺμέοψ
1092 2424 1305 2485 ἑῴισμὲνον
1337 2423 1533 2475 ὠλέσατ’,
1564 2425 1664 2474 αἰαῖ,
