2042 3070
643 476 713 494 ἡ»
763 460 843 500 133
892 477 960 496 ψ

258 577 353 617 Mel
391 591 501 617 vero
538 578 733 630 primum
765 578 942 625 mortis,
985 578 1153 618 deinde
1194 592 1435 619 conserva-

168 665 304 706 tionis
336 673 617 707 mortuorum
651 668 910 721 symbolum
941 667 1036 708 fuit.

257 755 310 794 Id
333 756 455 808 quod
487 769 512 795 e
540 755 696 796 fabula
727 755 817 804 illa,
851 769 969 808 quae
994 757 1051 796 de
1075 755 1250 798 Glauco
1283 757 1436 805 fertur,

169 843 455 895 perlucidum
487 845 619 885 nobis
651 844 700 886 fit
733 846 788 898 (v.
813 844 999 887 Grimm.
1034 846 1255 887 Deutsch.
1289 846 1434 900 Myth.

170 946 212 985 p.
238 936 340 981 0603
376 934 567 974 Menzel.
601 934 749 988 Myth.
773 935 962 975 Forsch.
985 949 1030 988 p.
1054 936 1164 987 207).

259 1021 477 1076 Hyginus
512 1023 631 1063 enim
664 1024 779 1064 haec
811 1023 949 1065 refert
983 1023 1087 1077 (fab.
1118 1024 1236 1077 136):

260 1109 499 1160 ‚Glaucus‚
548 1113 714 1153 Minois
752 1122 798 1154 et
835 1113 1099 1166 Pasiphaae
1146 1111 1281 1161 filius,
1331 1115 1437 1153 dum

170 1201 283 1240 ludit
315 1201 419 1254 pila,
455 1202 621 1243 cecidit
653 1203 698 1242 in
731 1202 901 1242 dolium
934 1202 1069 1242 melle
1103 1201 1314 1255 plenum.’

257 1291 454 1331 Puerum
488 1291 532 1331 in
554 1292 688 1332 melle
720 1299 948 1331 mortuum
981 1292 1027 1331 id
1054 1291 1203 1345 ipsum
1236 1292 1299 1332 ita
1333 1306 1437 1333 con-

172 1380 386 1427 servavit,
420 1387 470 1420 ut
501 1381 577 1419 vel
609 1382 666 1420 ab
700 1381 842 1434 angui
864 1381 939 1420 vel
971 1381 1029 1420 ab
1063 1380 1347 1434 Aesculapio
1381 1383 1439 1421 ad

170 1469 311 1509 vitam
343 1476 508 1522 postea
539 1469 747 1510 revocari
778 1477 952 1522 posset.
1006 1468 1108 1522 Qua
1139 1471 1196 1510 de
1228 1483 1277 1509 re
1308 1469 1439 1510 Clau-

171 1558 333 1598 dianus
366 1558 522 1599 scribit
555 1559 628 1612 (de
651 1559 756 1600 bell.
782 1558 883 1600 Get.
908 1559 1034 1612 446):

171 1647 351 1694 ‚Dulcia
369 1648 506 1688 mella
525 1661 699 1696 necem,
717 1648 860 1688 vitam
879 1647 1006 1688 dedit
1022 1649 1232 1688 horridus
1250 1648 1440 1701 anguis!

260 1736 411 1777 Etiam
434 1737 508 1777 hic
534 1761 582 1766 —
609 1745 658 1778 ut
681 1750 830 1790 supra,
864 1737 942 1777 ubi
973 1738 1030 1777 de
1064 1737 1232 1777 amoris
1267 1737 1441 1777 deliciis

172 1827 502 1879 tormentisque
536 1827 847 1874 disseruimus,
883 1851 934 1854 —
971 1826 1093 1866 melli
1129 1825 1190 1866 fel
1223 1826 1311 1866 alia
1344 1826 1441 1878 qui-

175 1917 279 1955 dem
313 1915 489 1956 ratione
528 1916 802 1968 opposuisse
841 1924 1022 1956 veteres
1056 1915 1277 1955 videmus.
1341 1913 1442 1966 Qua

173 2007 230 2045 de
254 2004 597 2058 comparatione
615 2004 899 2058 Porphyrius
922 2005 1040 2044 haec
1060 2005 1195 2045 docet
1218 2004 1290 2056 (de
1308 2003 1438 2043 Antr.

172 2095 227 2135 N.
246 2095 426 2148 XVIII)
449 2109 456 2135 :

255 2187 525 2242 ,Πεποὶηνται
560 2185 637 2242 ἤδη
669 2186 719 2228 τὸ
757 2186 852 2240 μέλ’.
887 2187 961 2228 καὶ
990 2184 1186 2227 θανάτου
1225 2184 1442 2240 σύμβολον.

173 2273 232 2315 διὸ
268 2274 344 2315 καὶ
380 2274 546 2327 μέλιτος
582 2272 755 2328 σπονδὴν
792 2278 876 2324 τλς
911 2272 1098 2328 χθονίοις
1135 2270 1261 2313 ἔθων
1293 2274 1444 2326 (quem

173 2366 320 2405 mellis
343 2379 475 2405 usum
498 2378 607 2405 mox
628 2365 953 2417 tractabimus),
985 2361 1060 2416 τὴν
1085 2361 1129 2402 δὲ
1157 2359 1292 2416 χολὴν
1321 2358 1444 2416 ζωῆς.

173 2450 265 2506 ἤτοι
303 2453 349 2493 δι’
387 2450 533 2505 ’ἡδονῆς
574 2453 841 2505 &interius-20:
879 2449 1162 2504 ἀποθνήσκειν
1198 2448 1269 2490 τὸν
1306 2447 1444 2503 ψυχῆς
