2042 3070
658 419 1017 476 &15944

274 536 351 578 Sic
400 537 535 577 etiam
592 537 637 577 in
684 536 971 590 Anthologia
1025 537 1184 590 (Palat.
1224 537 1308 586 VI,
1351 538 1445 591 232)

185 625 473 679 Crinagoras,
506 626 644 666 variis
676 625 909 675 fructibus,
949 626 1024 679 qui
1057 625 1299 667 sacrificati
1332 634 1447 675 sunt,

185 714 474 763 enumeratis,
507 714 663 755 scribit
677 730 685 755 :

315 848 323 867 ‚
335 848 737 857 ...........
766 814 794 871 ἥ
824 830 872 858 τε
902 817 1112 872 μελισσῶν

372 899 577 958 ἀμβροσίη
599 935 1116 944 ..............

313 988 421 1030 Πανὶ
450 987 736 1043 φιλοσκήπωνι
765 988 840 1030 καὶ
869 989 1156 1044 εὐστόρθυγγι
1186 989 1357 1044 Πριήπφ

372 1072 595 1130 ἀντίθεται
624 1074 744 1130 λιτὴν
774 1075 903 1117 δαῖτα
934 1074 1218 1133 Φιλοξενίδης]
1250 1101 1302 1104 —

271 1182 488 1235 Priapum
528 1187 698 1230 autem,
740 1182 972 1222 hortorum
1013 1195 1320 1235 agrorumque
1358 1182 1446 1222 fer-

180 1271 355 1312 tilitatis
386 1272 534 1320 deum,
564 1271 702 1312 etiam
731 1272 969 1312 custodem
997 1271 1301 1312 alveariorum
1331 1286 1446 1320 esse,

180 1360 417 1414 Vergilius
450 1360 521 1400 his
550 1360 758 1401 versibus
789 1360 926 1401 docet
958 1359 1142 1414 (Georg.
1166 1359 1244 1409 IV,
1269 1360 1385 1413 110):

238 1467 309 1515 ,Et
332 1473 486 1508 custos
503 1466 651 1507 furum
670 1474 807 1520 atque
831 1467 983 1508 avium
1006 1481 1107 1508 cum
1125 1468 1244 1509 falce
1267 1468 1446 1521 saligna

240 1555 604 1609 Hellespontiaci
638 1539 791 1597 servet
823 1558 967 1597 tutela
997 1556 1178 1610 Priapi:

177 1662 340 1716 Atque
378 1662 593 1716 Thyrsim
640 1669 872 1716 pastorem
910 1663 1080 1716 Priapo
1124 1664 1301 1705 custodi
1340 1664 1444 1712 liba,

179 1765 298 1805 quae
322 1756 505 1792 Veteres
535 1752 669 1792 melle
698 1753 935 1806 ungebant
959 1752 1158 1805 (V.Voss.
1183 1753 1242 1792 ad
1265 1752 1442 1805 Vergil.

179 1839 350 1893 Georg.
384 1840 441 1889 H,
467 1841 585 1894 394),
619 1839 914 1889 sacrificasse,
947 1841 1012 1881 ita
1039 1841 1274 1894 Vergilius
1306 1841 1445 1882 tradit

180 1928 289 1981 (Ecl.
310 1928 415 1977 VH,
441 1930 533 1982 33):

238 2034 426 2084 ‚simum
451 2036 582 2077 lactis
607 2042 652 2076 et
675 2024 791 2077 haec
815 2044 861 2078 te
884 2038 989 2085 liba,
1011 2037 1179 2091 Priape
1203 2039 1443 2091 quotannis

235 2124 499 2177 Expectare
533 2131 604 2165 sat
643 2131 734 2166 est:
777 2134 929 2167 custos
968 2140 1018 2167 es
1050 2126 1267 2180 pauperis
1300 2127 1444 2167 horti.⁷

265 2230 323 2271 Et
371 2244 551 2271 sacrum
598 2232 768 2279 mellis,
817 2234 939 2286 quod
986 2233 1208 2282 Mithrae,
1260 2233 1443 2287 frugum

175 2319 370 2369 custodi,
417 2318 623 2368 offertur,
669 2320 954 2375 Porphyrius
1000 2322 1088 2362 hoc
1126 2323 1262 2362 modo
1307 2322 1441 2362 inter-

174 2413 380 2461 pretatur
415 2408 471 2461 (d.
494 2407 552 2449 A.
571 2408 625 2449 N.
650 2422 686 2449 c.
710 2408 869 2461 XVD:
