2042 3070
545 583 584 609 a.
604 568 708 609 Chr.
727 566 783 619 n.)
818 565 1108 607 commissam
1146 565 1191 605 in
1232 564 1392 606 castris
1425 564 1556 605 Cassi
1598 565 1657 605 ad
1689 563 1807 604 Pan-

543 671 714 711 gaeum
744 656 839 697 sitis
862 656 989 696 varia
1011 655 1225 709 prodigia
1257 655 1425 695 malum
1459 661 1673 695 eventum
1704 667 1807 708 por-

543 747 799 787 tenderunt.
889 744 1091 798 Quorum
1151 744 1480 785 enumerationi
1534 743 1808 785 Plutarchus

543 836 619 888 (M.
645 836 812 876 Brutus
848 835 916 887 39)
952 835 1016 875 ita
1047 833 1183 875 finem
1216 833 1348 873 facit:

628 930 719 980 ,καὶ
754 931 965 984 μελισσῶν
1001 928 1216 984 ὤφθησαν
1254 928 1371 983 ἑσμοὶ
1403 925 1692 983 συνιστάμενοι
1721 927 1810 982 περὶ

542 1017 666 1059 τύπον
686 1015 781 1059 τινὰ
809 1022 885 1059 τοῦ
915 1015 1110 1072 χάρακος
1140 1015 1263 1067 ἐντος.
1294 1014 1336 1056 ἓν
1368 1013 1611 1072 ἐξέκλεισαν
1642 1015 1678 1056 οἰ
1707 1011 1809 1069 μάν-

543 1119 635 1156 τεις,
667 1102 958 1160 ἀφοσιούμενοι
992 1103 1068 1158 τὴν
1097 1103 1412 1157 δεισιδαιμονίαν
1440 1101 1606 1158 ἀτρέμα
1635 1102 1710 1144 καὶ
1739 1101 1810 1143 τὀν

544 1190 729 1233 Κάσσιον
752 1191 878 1233 αὐτὸν
899 1189 1186 1246 ὑποφέρουσαν
1210 1189 1259 1232 ἐν.
1285 1195 1370 1231 τῶν
1392 1190 1631 1246 Ἐπικούρου
1655 1190 1808 1244 λόγων,

542 1278 638 1329 τοὺς
669 1279 712 1320 δὲ
744 1278 1013 1333 στρατκῖπας
1043 1276 1290 1319 παντάπασι
1320 1278 1651 1333 δεδούλ(ε)μὲνην.’

630 1373 787 1426 Atque
837 1372 1022 1413 Cassius
1069 1397 1119 1401 —
1170 1373 1352 1414 minime
1405 1374 1567 1414 mirum
1619 1374 1664 1413 id
1713 1373 1808 1426 qui-

543 1464 647 1504 dem
680 1486 736 1491 -
770 1463 827 1501 ab
851 1461 1055 1502 Antonio
1088 1462 1236 1502 victus
1270 1471 1352 1504 est.
1400 1462 1498 1503 Nec
1531 1476 1652 1511 vero,
1686 1463 1808 1515 quod

540 1552 709 1592 Brutus
763 1551 807 1591 in
867 1551 1010 1591 altero
1068 1564 1208 1592 cornu
1262 1550 1507 1592 Octavium
1561 1551 1808 1605 superavit,

542 1640 700 1681 Cassio
722 1639 903 1693 profuit,
938 1653 1039 1680 cum
1061 1639 1225 1680 falsum
1248 1647 1438 1693 propter
1459 1640 1664 1681 nuntium
1692 1653 1808 1681 mor-

540 1739 632 1771 tem
655 1744 682 1770 a
705 1743 838 1770 servo
863 1737 1026 1783 sponte
1050 1730 1321 1783 accepisset.
1370 1730 1572 1770 Exitium
1601 1730 1741 1784 igitur
1767 1729 1808 1770 ei

540 1819 763 1861 nuntiavit
792 1833 988 1860 examen
1020 1819 1174 1872 apium
1208 1819 1264 1872 (v.
1299 1825 1356 1860 et.
1390 1820 1619 1872 quomodo
1641 1820 1804 1860 Florus

540 1909 658 1962 Epit.
685 1908 766 1955 IV,
794 1921 814 1947 2
847 1916 892 1949 et
922 1907 1166 1962 Appianus
1192 1909 1264 1949 1.1.
1290 1908 1369 1955 IV,
1397 1923 1475 1960 134
1509 1916 1554 1950 et
1582 1908 1672 1949 Dio
1684 1889 1804 1950 ‘Cas-

541 1999 631 2038 sius
664 1996 865 2044 XLVII,
890 2011 944 2048 40
978 2006 1022 2038 et
1056 1996 1331 2050 Obsequens
1370 2011 1405 2039 c.
1434 2011 1512 2049 130
1551 2000 1669 2040 hanc
1708 2012 1804 2038 rem

537 2087 763 2138 tractent).

627 2175 763 2228 Quod
821 2182 1081 2228 portentum
1145 2176 1282 2216 etiam
1347 2176 1480 2229 signa
1536 2176 1666 2217 Bruti
1723 2190 1802 2230 ap-

538 2266 758 2319 petivisse
798 2265 1071 2306 Plutarchus
1118 2266 1181 2306 ita
1219 2265 1358 2306 refert
1397 2266 1475 2319 (M.
1503 2266 1672 2307 Brutus
1709 2266 1801 2318 4S):

538 2353 729 2402 ,Πέπλιος
750 2352 793 2392 δὲ
817 2351 1070 2406 Βολούμνιος,
1100 2349 1203 2406 ἀνὴρ
1230 2352 1457 2407 φιλύσοφος
1479 2352 1554 2393 καὶ
1575 2366 1803 2407 συνεστρα-

1646 2439 1654 2448 ι

650 2439 658 2449 Ι
778 2436 786 2448 Ί
829 2442 836 2450 s
880 2436 888 2448 )
966 2444 981 2449 -
1320 2444 1335 2450 -
1460 2439 1470 2448 κ

537 2454 729 2493 τεύμενος
768 2453 825 2480 απ
869 2453 1005 2494 αοχης
1036 2440 1225 2494 Βρούτῳ,
1266 2453 1392 2481 του-,ο
1429 2453 1501 2492 μεν
1532 2438 1578 2480 ού
1608 2440 1725 2494 λεγει
1754 2440 1803 2482 τὲ
