2042 3070
993 424 1280 463 ,5454ΗΡ

507 559 548 598 p.
578 558 623 584 21
652 542 753 596 etc.)
787 542 1127 595 dependentem
1160 541 1204 581 in
1235 542 1408 594 templo
1429 554 1588 594 aeque
1621 554 1770 582 rarum

499 638 736 675 [ostentum
777 644 878 672 esse
917 644 972 672 ac
1010 630 1157 671 virum
1195 631 1439 671 honestum
1480 630 1662 671 Romae
1700 630 1770 671 Iu-

507 722 684 764 venalis
716 721 780 761 ita
813 726 1141 761 commemorat
1173 719 1318 773 (XIII,
1343 719 1557 771 68-71):

568 818 843 872 ‚Egregium
877 823 1177 870 sanctumque
1208 816 1355 857 virum
1388 816 1426 857 si
1458 829 1677 858 cerno...

572 906 815 956 Sollicitus,
848 913 1067 960 tanquam
1099 906 1278 960 lapides
1312 904 1525 946 effuderit
1557 905 1702 946 imber

568 998 870 1050 Examenque
903 995 1058 1048 apium
1089 996 1230 1049 longa
1263 994 1523 1036 consederit
1552 1008 1643 1035 uva

569 1086 776 1127 Culmine
810 1083 1005 1126 delubri’
1025 1117 1032 1126 .
1056 1116 1065 1125 .
1084 1117 1092 1125 .
1113 1117 1119 1125 .
1158 1108 1205 1113 —

511 1176 644 1217 Circa
660 1175 782 1216 idem
800 1182 981 1229 tempus
998 1173 1184 1215 Tacitus
1207 1155 1389 1226 scripsit
1408 1172 1664 1227 (Ann.X11‚
1683 1174 1774 1225 64):

602 1265 773 1313 ‚Marco
795 1263 960 1305 Asinio
982 1262 1142 1304 Marco
1165 1261 1318 1303 Acilio
1344 1262 1605 1303 consulibus
1632 1270 1777 1303 muta-

512 1354 682 1395 tionem
710 1366 860 1394 rerum
891 1353 936 1393 in
965 1351 1165 1394 deterius
1194 1351 1409 1406 portendi
1442 1351 1678 1405 cognitum
1711 1357 1780 1392 est

513 1443 684 1484 crebris
730 1442 968 1496 prodigiis.
1048 1441 1195 1495 Signa
1247 1455 1301 1481 ac
1348 1440 1545 1482 tentoria
1590 1441 1780 1482 militum

513 1534 622 1588 igne
656 1531 843 1574 caelesti
875 1545 1044 1573 arsere.
1101 1530 1313 1584 Fastigio
1337 1529 1550 1584 Capitolii
1583 1544 1780 1571 examen

513 1622 668 1677 apium
690 1619 883 1664 insedit'.
907 1645 950 1649 ——
976 1619 1154 1674 Quibus
1171 1619 1363 1661 ostentis
1381 1627 1592 1673 permota
1608 1619 1779 1674 Agrip-

513 1711 633 1766 pina,
662 1710 857 1752 Neronis
889 1716 1046 1758 mater,
1080 1709 1282 1750 Locusta
1305 1707 1514 1750 venefica
1547 1714 1592 1750 et
1620 1708 1780 1750 Xeno-

514 1802 688 1856 phonte
749 1799 929 1840 medico
992 1798 1334 1846 adiuvantibus,
1401 1797 1639 1839 Claudium
1669 1772 1670 1775 Ἴ
1701 1797 1780 1838 im-

514 1896 786 1943 peratorem,
815 1888 1025 1929 maritum
1057 1901 1199 1935 suum,
1227 1887 1423 1928 necavit.
1464 1885 1567 1939 Quo
1597 1888 1654 1927 de
1684 1870 1782 1927 diro

517 1978 677 2020 Claudi
705 1978 831 2020 exitu
851 1978 928 2032 (A0
940 1976 1078 2017 XLV
1096 1976 1252 2030 p.Chr.
1268 1976 1326 2029 n.)
1345 1976 1435 2016 Dio
1453 1975 1639 2017 Cassius
1665 1977 1781 2016 haec

516 2067 655 2109 tradit
678 2067 794 2121 (LX,
821 2067 913 2119 35):
954 2062 1092 2115 ,Οὕτω
1120 2063 1192 2118 μὲν
1218 2062 1240 2104 ὁ
1260 2062 1468 2114 Κλαύδιος
1500 2061 1783 2119 μετήλλαξεν·

516 2152 558 2207 ἐς
586 2157 712 2196 τοῦτο
742 2167 878 2195 τε
908 2152 1040 2195 τὰ...
1079 2156 1232 2207 σμῆνος
1261 2153 1311 2195 τὸ
1341 2153 1383 2194 ἐν
1412 2154 1475 2207 τῷ
1510 2152 1783 2208 στρατοπέδῳ

518 2239 841 2295 συστραφὲν....
873 2238 986 2298 ἔδοξε
1016 2243 1221 2295 σημῆναι]
1244 2266 1296 2269 -—

605 2328 657 2368 In
687 2329 810 2369 bello
842 2342 952 2369 vero
976 2353 1029 2357 —
1054 2334 1104 2369 ut
1137 2330 1195 2370 ad
1225 2331 1368 2370 verba
1400 2327 1612 2370 Creuzeri
1649 2328 1782 2369 refel-

518 2418 654 2459 lenda
699 2424 982 2459 revertamur
1018 2444 1089 2467 —‚
1131 2419 1253 2472 quod
1295 2417 1545 2472 Septimius
1578 2416 1782 2459 Severus
