2042 3070
984 435 1273 476 *584

583 553 865 603 ‚Adventare
889 554 1034 595 virum
1066 554 1105 605 (i.
1120 566 1156 595 e.
1182 554 1407 607 Aeneam)
1432 562 1476 594 et
1497 561 1654 607 partes
1682 568 1761 608 pe-

1100 653 1196 684 tere
1230 656 1399 696 agmen
1433 644 1619 684 easdem

581 733 795 774 Partibus
815 746 874 773 ex
893 732 1039 773 isdem
1058 738 1103 773 et
1123 746 1300 773 summa
1318 732 1595 773 dominarier
1622 732 1761 773 arce’.

582 822 697 863 Tum
727 821 883 876 ignem
906 821 1128 862 Laviniae
1152 821 1429 862 immolantis
1459 821 1609 862 crines
1641 835 1762 862 com·

492 911 733 965 prendisse
754 912 952 965 legimus
975 919 1201 965 vatesque
1225 910 1478 952 coniecisse
1506 910 1561 964 (V.
1590 910 1672 964 79).

524 1002 624 1048 ‚hoc
647 1014 781 1041 omen
805 1001 977 1055 populo
1007 1014 1226 1054 magnum
1249 1001 1528 1054 portendere
1550 999 1732 1041 bellum’

494 1089 626 1131 Haec
649 1104 760 1131 sane
784 1090 936 1131 omnia
956 1103 1030 1131 res
1054 1091 1281 1131 secundas
1299 1089 1762 1143 praenuntiaverunt:

496 1193 601 1221 nam
616 1179 827 1220 Aeneam
846 1188 890 1221 et
903 1179 1142 1220 Laviniam
1161 1179 1205 1219 in
1222 1158 1555 1219 matrimonium
1574 1179 1763 1219 duxisse

498 1278 543 1310 et
574 1269 738 1310 Latino
772 1275 949 1310 mortuo
982 1268 1026 1309 in
1055 1268 1188 1309 Latio
1221 1281 1445 1321 regnasse
1478 1269 1602 1309 haud
1633 1269 1763 1322 igno-

496 1370 590 1401 tum
624 1366 704 1400 est.
769 1358 863 1401 Sed
905 1364 1082 1399 tantum
1123 1359 1271 1406 abest,
1320 1365 1368 1399 ut
1410 1371 1608 1398 examen
1653 1358 1764 1398 illud

496 1449 649 1503 apium
680 1448 896 1489 militibus
919 1447 1070 1489 Latini
1093 1447 1218 1501 regis
1240 1460 1374 1488 omen
1396 1446 1595 1488 faustum
1617 1446 1763 1495 fuerit,

496 1546 546 1579 ut
579 1546 656 1579 aut
690 1537 884 1579 Aeneae
916 1536 1158 1578 victoriam
1192 1550 1245 1578 ac
1278 1536 1455 1590 regiam
1487 1543 1764 1590 potestatem

496 1627 695 1669 futuram
737 1627 1027 1680 portendisse
1068 1635 1163 1674 aut,
1208 1625 1244 1666 si
1282 1625 1359 1667 W.
1392 1625 1666 1666 Menzelium
1706 1626 1762 1679 (v,

496 1717 644 1772 Myth.
667 1717 704 1758 F
708 1718 856 1758 orsch.
880 1730 924 1770 p.
953 1716 1049 1770 215)
1074 1716 1317 1770 sequimur,
1346 1729 1481 1756 omen
1502 1715 1619 1756 illius
1643 1716 1763 1756 colo-

496 1807 599 1847 niae
642 1831 694 1836 —
740 1820 830 1860 quo
875 1807 933 1847 de
978 1807 1187 1861 symbolo
1234 1805 1350 1846 infra
1393 1805 1670 1846 disseremus
1710 1831 1757 1836 —

495 1895 636 1937 fuisse
668 1897 891 1937 videatur.

585 1986 738 2027 Nihilo
777 1986 928 2040 magis
960 1985 1071 2026 illud
1104 1999 1302 2025 examen
1334 1984 1506 2038 apium,
1548 1985 1672 2038 quod
1704 1985 1778 2038 (in

496 2077 584 2117 fine
624 2076 772 2130 quarti
810 2090 853 2129 p.
878 2074 983 2116 Chr.
1007 2090 1048 2116 n.
1090 2075 1274 2126 saeculi)
1321 2088 1461 2128 supra
1509 2075 1763 2116 exercitum

498 2165 763 2207 Stilichonis
803 2165 992 2213 volavit,
1042 2165 1269 2206 subtiliter
1307 2164 1440 2205 nobis
1479 2164 1763 2205 observanti-

495 2257 582 2296 bus
614 2268 749 2295 omen
782 2255 979 2295 faustum
1012 2254 1170 2302 fuisse,
1205 2255 1457 2308 putandum
1491 2261 1572 2302 est,
1605 2267 1763 2306 quam-

496 2359 632 2399 quam
650 2351 815 2399 postea
829 2344 978 2386 Getae
1002 2345 1060 2385 ab
1084 2345 1249 2394 eodem
1272 2343 1478 2397 superati
1498 2348 1612 2384 sunt.
1645 2342 1763 2383 Nam

497 2434 775 2476 Claudianus
806 2435 894 2475 hae
924 2435 981 2474 de
1010 2447 1058 2474 re
1088 2434 1198 2474 dicit
1227 2433 1427 2487 (XXVI,
1455 2447 1475 2473 2
1483 2435 1534 2484 38
1555 2431 1693 2485 sqq.):
