2042 3070
999 423 1312 463 *2160*

594 538 725 581 Ὅταν
763 539 806 580 δὲ
841 542 903 592 τῷ
938 538 1078 593 Πέρσῃ
1118 536 1358 592 magam-m
1401 537 1495 598 μέλι
1533 535 1588 588 ὡς
1624 538 1784 592 φύλακ’.

523 628 706 679 καρπῶν,
737 624 787 667 τὸ
817 624 1077 680 φυλακτικὸν
1108 621 1149 665 ἐν
1180 623 1377 680 συμβόλῳ
1408 624 1623 666 τίθενται]
1655 650 1706 654 -—

613 715 715 769 Qua
753 730 778 756 e
818 717 1079 757 coniectura
1119 716 1336 769 colligere
1376 717 1508 756 nobis
1546 729 1636 757 non
1666 716 1784 765 licet,

525 807 626 855 mel,
660 807 783 860 quod
804 806 973 859 Priapo
1003 805 1233 853 libaretur,
1267 805 1524 859 symbolum
1552 805 1785 847 custodiae

524 896 676 937 fuisse.
719 895 895 935 Eodem
919 894 1014 935 iure
1045 894 1303 948 symbolum
1324 893 1572 947 voluptatis
1597 894 1651 947 (v,
1677 894 1785 935 Por-

525 986 658 1039 phyr.
681 985 708 1026 1.
726 984 754 1024 1.
773 983 931 1037 XVII)
964 984 1053 1024 mel
1075 984 1288 1024 hocloco
1320 981 1582 1035 significare
1613 990 1785 1036 potest;

526 1074 633 1127 quia
664 1073 877 1127 Priapus,
909 1073 1105 1114 Veneris
1136 1071 1275 1121 filius,
1316 1071 1515 1112 libidinis
1547 1073 1662 1113 deus
1692 1071 1787 1120 fuit,

524 1163 789 1216 Venerique
843 1168 995 1202 autem
1047 1161 1303 1202 secundum
1349 1160 1678 1214 Empedoclem
1731 1161 1786 1214 (V.

526 1252 696 1293 Athen.
729 1251 897 1304 Deipn.
930 1250 1043 1298 XII,
1083 1264 1125 1303 p.
1152 1249 1250 1303 510)
1290 1247 1476 1304 ,ξανθῶν
1614 1244 1791 1298 σπονδὰς

526 1339 795 1392 μελίτων...
826 1335 866 1389 ἐς
896 1335 1036 1388 οὖδας
1073 1339 1337 1380 fundebant.
1403 1338 1499 1381 Sed
1532 1352 1634 1380 cum
1665 1340 1790 1380 Pria-

526 1445 612 1484 pus
659 1430 908 1484 praecipue
957 1431 1069 1469 deus
1116 1428 1361 1469 fertilitatis
1408 1429 1553 1470 omnis
1599 1437 1790 1471 naturae

528 1528 666 1568 esset,
721 1519 830 1567 mel,
884 1519 1006 1572 quod
1059 1518 1099 1558 ei
1152 1518 1387 1566 libaretur,
1441 1519 1698 1572 symbolum
1746 1524 1792 1558 et

528 1609 743 1649 silvarum
770 1614 816 1648 et
837 1619 1053 1660 agrorum
1082 1612 1126 1647 et
1148 1607 1381 1646 hortorum
1408 1606 1629 1648 ubertatis
1650 1606 1790 1648 fuisse

529 1697 855 1737 existimamus.
905 1693 1053 1747 Quam
1077 1695 1338 1748 opinionem
1361 1694 1631 1748 Calpurnius
1655 1695 1791 1735 etiam

529 1784 780 1832 confirmat,
804 1785 881 1838 qui
902 1784 1119 1825 Palilibus
1146 1784 1407 1824 memoratis
1436 1797 1615 1824 sacrum
1636 1783 1791 1837 Priapi

530 1888 632 1915 cum
666 1875 835 1914 Larum
869 1874 990 1914 cultu
1022 1873 1086 1913 ita
1118 1873 1350 1926 componit
1383 1871 1686 1925 (Ec1.11,64):
1746 1896 1762 1906 ι

591 1970 705 2018 ,Nos
748 1982 928 2022 quoque
976 1967 1185 2021 pomiferi
1228 1967 1423 2008 Laribus
1472 1968 1791 2021 consuevimus

1532 2056 1651 2097 horti

589 2148 772 2189 Mittere
805 2146 1025 2199 primitias
1058 2153 1103 2186 et
1134 2145 1310 2199 fingere
1340 2145 1433 2186 liba
1463 2145 1645 2198 Priapo,

588 2237 912 2288 Rorantesque
944 2234 1074 2275 favos
1109 2236 1270 2275 damus
1303 2243 1348 2276 et
1379 2234 1599 2288 liquentia
1630 2235 1791 2275 mella.’

619 2325 837 2366 Palilibus
877 2324 994 2365 enim
1036 2325 1312 2377 supplicatio
1345 2338 1428 2378 pro
1460 2323 1693 2365 fertilitate
1727 2324 1792 2364 rei

531 2415 776 2468 pecuariae
795 2413 1195 2466 agriculturaeque
1212 2411 1362 2461 fiebat,
1388 2414 1684 2466 quamobrem
1701 2425 1791 2452 non
