2042 3070
661 418 982 460 &⁴125ss

277 569 303 585 ,.
330 570 337 577 .
362 570 369 578 .
396 544 443 578 ut
485 551 626 590 saepe
651 570 658 578 .
687 569 694 577 .
721 571 728 578 .
772 552 860 578 non
908 538 998 578 alia
1046 539 1249 579 suavitas
1294 538 1454 592 visque

188 627 445 666 mortalium
479 626 612 667 malis
644 640 671 666 a
703 633 849 667 morte
883 627 1117 675 vocandis,
1151 641 1287 680 quam
1317 627 1455 667 divini

188 716 398 764 nectaris,
431 714 536 756 fiat.'
568 739 623 745 —-

278 805 639 858 Magerstedtius
678 818 788 845 vero
839 806 879 857 (l.
899 806 925 845 l.
956 819 999 859 p.
1019 816 1088 858 75.
1114 819 1182 857 90.
1206 805 1300 858 100)
1339 805 1457 844 Plini

187 894 331 942 locos,
373 893 448 946 qui
489 896 546 934 de
585 895 718 934 melle
759 894 803 934 in
835 895 1063 935 medicina
1100 895 1266 936 usitato
1300 903 1455 947 agunt,

189 983 390 1036 collegit.
466 983 542 1024 Sic
591 984 728 1024 etiam
776 984 819 1024 in
868 985 1068 1026 carmine
1114 986 1192 1025 illo
1240 984 1455 1038 Orphico‚

188 1074 311 1125 quod
340 1072 519 1114 Lithica
552 1074 853 1127 appellamus,
887 1076 977 1115 mel
1010 1075 1179 1115 morbis
1212 1080 1257 1114 et
1284 1073 1456 1114 ventris

188 1163 244 1214 (v,
270 1163 369 1214 499)
401 1170 445 1203 et
469 1164 701 1203 oculorum
731 1163 787 1217 (V.
813 1163 913 1216 664)
946 1163 1120 1203 mederi
1149 1163 1454 1216 praedicatur.

188 1249 291 1303 Qua
321 1253 453 1314 dere
479 1252 660 1305 planius
690 1253 917 1293 disserere
949 1253 1081 1293 nobis
1113 1254 1201 1292 1100
1234 1253 1336 1292 1000
1368 1265 1458 1291 11011

187 1340 304 1388 11001,
338 1341 416 1381 ubi
450 1342 507 1381 de
540 1341 584 1380 vi
618 1342 715 1381 sola
756 1342 902 1382 mellis
936 1355 1148 1382 sanorum
1181 1342 1323 1381 Vitam
1356 1354 1458 1393 pro-

188 1430 397 1483 rogantis
430 1429 666 1483 loquimur.
701 1455 755 1458 —

277 1518 380 1558 Hoc
429 1527 582 1560 autem
629 1526 741 1573 potu
793 1519 1091 1560 saluberrimo
1140 1519 1306 1560 Corsos
1355 1532 1458 1559 con-

188 1613 363 1648 stanter
402 1622 510 1648 usos
550 1622 652 1648 esse
686 1633 742 1638 —
776 1609 890 1649 sicut
924 1610 1045 1649 Zeno
1090 1616 1135 1650 et
1166 1608 1459 1649 Democritus

189 1703 233 1736 et
256 1697 403 1737 Pollio
438 1711 572 1737 senes
603 1722 660 1727 ——
692 1697 964 1738 Athenaeus
998 1698 1062 1738 ita
1094 1698 1234 1738 tradit
1267 1698 1306 1751 (l.
1328 1698 1398 1749 l.):

275 1782 423 1834 ,Λύκος
454 1784 498 1824 δὲ
528 1784 822 1839 πολυχρονίους
853 1784 977 1839 φησὶν
1009 1783 1110 1826 εἶναι
1139 1784 1235 1835 τοὺς
1265 1783 1460 1839 Κυρνίους

189 1870 364 1923 (οἰκοῦσι
399 1870 431 1910 δ’
463 1869 575 1911 οὖτοι
604 1870 693 1925 περὶ
719 1871 884 1926 Σαρδώ)
917 1868 984 1912 διὰ
1015 1871 1064 1913 τὸ
1095 1871 1231 1926 μέλιτι
1262 1867 1327 1911 ἀεὶ
1354 1873 1460 1925 χρῆ-

189 1957 310 1998 σθαι.
361 1957 555 1999 πλεῖστον
587 1957 631 1998 δὲ
661 1963 786 2000 τοῦτο
817 1958 979 2013 γίνεται
1008 1961 1103 2014 παρ’
1136 1958 1298 2009 αὐτοῖς]
1322 1983 1374 1987 -

278 2056 343 2097 Α1
374 2064 498 2097 recte
522 2057 706 2110 quidam
728 2056 812 2097 Viri
834 2057 958 2098 docti
981 2057 1147 2098 Corsos
1178 2057 1316 2110 ipsos,
1350 2068 1460 2108 quo-

188 2158 287 2185 rum
319 2146 411 2185 mel
442 2144 610 2186 infame
632 2145 771 2187 fuisse
795 2147 1032 2200 Vergilius
1061 2147 1169 2200 (Ecl.
1195 2146 1286 2194 IX,
1313 2144 1381 2198 30)
1417 2152 1461 2184 et

189 2233 360 2274 Plinius
384 2234 451 2288 (N.
470 2235 526 2275 H.
547 2235 712 2283 XXX,
739 2236 802 2288 10)
828 2243 872 2276 01
895 2235 1118 2276 Martialis
1143 2235 1242 2288 (IX,
1266 2247 1339 2286 27;
1374 2234 1459 2281 XI,

190 2336 268 2374 423
302 2323 435 2371 XIII,
460 2323 552 2376 105)
584 2325 780 2372 tradunt,
812 2338 897 2365 usu
929 2325 1075 2364 mellis
1099 2322 1270 2364 Corsici
1304 2322 1461 2362 diutis-

192 2413 304 2453 sime
344 2413 516 2453 vixisse
556 2413 788 2454 mirantur.
854 2412 1030 2466 Quibus
1071 2427 1131 2453 ex
1168 2412 1281 2452 locis
1314 2411 1460 2452 Athe-
