2042 3070
981 409 1269 449 ψοὸε.Ρ

493 526 592 565 leus
632 532 676 565 et
717 525 941 567 Cerberus
980 533 1025 567 et
1063 526 1292 580 Aegolius
1330 528 1418 568 hoc
1466 534 1661 576 antrum,
1708 534 1758 568 ut

493 615 583 654 mel
607 615 847 664 auferrent,
870 616 1067 656 inierunt
1090 622 1136 655 et
1158 631 1184 656 a
1206 616 1318 656 Iove
1341 617 1456 656 irato
1480 616 1525 657 in
1547 614 1757 658 volucres

494 704 703 744 conversi
735 712 850 745 sunt.
883 729 940 734 —-

583 792 729 834 Simili
757 801 909 834 autem
941 796 1076 834 modo
1111 802 1250 848 atque
1282 795 1501 848 Iuppiter,
1533 795 1757 844 Bacchus,

493 883 589 922 eius
620 866 1026 936 ⁵Proserpinaeque
1066 883 1203 932 filius,
1249 899 1275 924 a
1307 885 1516 925 Macride
1554 884 1758 924 Aristaei

491 970 583 1010 filia
614 972 749 1011 melle
783 973 900 1012 altus
934 979 1027 1012 est:
1067 973 1262 1025 primum
1302 973 1345 1013 in
1380 979 1509 1013 antro
1541 973 1757 1019 Euboico,

495 1060 680 1108 deinde,
719 1067 965 1113 postquam
998 1062 1128 1110 Iuno,
1170 1062 1239 1102 cui
1273 1062 1462 1102 Euboea
1502 1074 1632 1101 sacra
1663 1060 1758 1108 fuit,

492 1149 647 1188 invida
687 1149 810 1189 illam
850 1150 1039 1202 expulit,
1083 1150 1128 1190 in
1167 1151 1412 1191 Phaeacia.
1481 1148 1629 1202 Quam
1661 1163 1755 1191 rem

492 1237 766 1290 Apollonius
798 1238 1024 1287 Rhodius,
1058 1239 1135 1279 ubi
1166 1239 1349 1291 nuptias
1378 1239 1554 1279 Iasonis
1587 1246 1632 1278 et
1661 1238 1758 1278 Me-

494 1328 609 1367 deae
648 1327 693 1366 in
734 1333 863 1367 antro
902 1327 1120 1368 Macridis
1161 1328 1388 1381 depingit,
1435 1328 1498 1368 ita
1536 1333 1758 1367 memorat

493 1416 766 1469 (Argonaut.
787 1416 868 1463 IV,
893 1417 1039 1468 1130):

759 1545 943 1553 ........
960 1511 1225 1566 ,θαλαμήϊον
1255 1512 1395 1554 ἔντυον
1426 1511 1542 1566 εὐνήν

624 1595 763 1652 ἄντρῳ
794 1596 836 1639 ἐν
866 1596 1062 1653 ἠγαθέῳ,
1092 1599 1199 1640 τὸθε
1232 1598 1281 1653 δή
1312 1613 1412 1640 ποτε
1442 1596 1603 1652 Μάκρις

1462 1683 1603 1725 ἔναιεν.
1622 1716 1629 1723 .
1646 1716 1653 1722 .
1670 1716 1677 1722 .
1694 1715 1702 1722 .

494 1774 607 1814 (1134)
625 1771 737 1825 κείνη
770 1770 921 1826 δὴ....
966 1770 1055 1821 Διὸς
1084 1769 1266 1825 Νυσήιον
1296 1768 1366 1811 υἷα
1399 1771 1663 1825 (Bacchum)

1074 1859 1234 1913 .....(ὖ
1261 1858 1318 1900 ἑνὶ
1346 1858 1492 1913 κόλπῳ
1722 1886 1740 1894 ‚

625 1944 776 2003 δέξατο
796 1946 870 1987 καὶ
890 1946 1025 2000 μέλιτι
1046 1945 1166 2003 ξηρὸν
1186 1946 1275 2001 περὶ
1294 1947 1437 2001 χεῖλος
1459 1944 1704 1994 ἔδευσεν,

493 2044 548 2096 (v.
581 2043 707 2093 infra,
740 2045 817 2084 ubi
852 2046 908 2085 de
943 2045 1086 2085 sacris
1118 2045 1437 2098 Nympharum
1471 2044 1758 2091 disseremus,

488 2132 640 2172 locum
675 2131 888 2186 Oppiani,
923 2134 999 2187 qui
1028 2133 1292 2174 Aristaeum
1319 2133 1494 2173 Bacchi
1521 2132 1758 2185 Nympha-

491 2235 681 2275 rumque
716 2224 1012 2264 educatorem
1046 2224 1210 2277 vocat).

584 2311 747 2363 Neque
789 2313 1061 2361 errabimus,
1104 2313 1141 2352 si
1171 2312 1242 2352 his
1276 2325 1299 2352 e
1332 2311 1542 2352 versibus
1574 2310 1759 2350 Pindari

494 2400 646 2453 (Pyth.
670 2399 755 2447 IX,
783 2401 900 2454 107):
