2042 3070
740 449 1056 489 *147*

268 567 324 621 (V.
349 567 533 620 interpr.
558 580 626 621 gr.
657 568 716 607 ad
743 566 899 621 Apoll.
922 567 979 616 ΙΙ,
1004 567 1116 620 498).
1150 592 1205 597 —
1238 568 1297 609 Et
1328 569 1527 609 Iustinus

266 656 404 698 refert
437 656 582 710 (XIII,
609 655 670 708 7):

354 745 629 794 ,Aristaeum
661 745 706 786 in
727 744 931 787 Arcadia
952 746 1044 786 late
1076 759 1299 799 regnasse
1332 760 1526 801 eumque

264 835 459 888 primum
502 841 546 876 et
587 835 740 888 apium
785 842 830 876 et
869 836 1014 876 mellis
1054 849 1185 877 usum
1226 844 1270 878 et
1301 837 1434 877 lactis
1468 837 1526 877 ad

264 925 510 978 coagulum
558 924 815 965 hominibus
861 924 1133 966 tradidisse!
1181 950 1235 954 ——
1285 924 1525 979 Oppianus

264 1027 374 1055 vero
392 1013 657 1055 Aristaeum
680 1014 743 1054 ita
764 1013 922 1054 laudat
940 1012 1177 1068 (Cyneget.
1195 1014 1275 1062 IV,
1297 1014 1524 1069 2695qq.):

431 1104 686 1156 ...,πρεῖ)τος
716 1098 866 1152 ἐκεῖνος
882 1133 890 1141 .
908 1134 941 1141 ..
971 1100 1064 1142 ποτὶ
1094 1099 1290 1156 σίμβλους

346 1187 419 1229 Ἐκ
450 1185 566 1243 δρυὸς
597 1183 738 1242 ἀείρας
768 1183 936 1242 ἀγανὰς
967 1184 1175 1228 ἐνέκλεισε
1205 1187 1429 1242 μελίσσας]

351 1289 424 1329 Ac
446 1288 636 1329 Nonnus
659 1289 854 1329 eundem
884 1289 971 1329 hoc
994 1289 1131 1329 modo
1165 1288 1368 1329 celebrat
1401 1288 1523 1342 (Dio-

261 1392 361 1432 nys.
388 1377 441 1426 V,
469 1377 588 1431 232):

316 1465 584 1520 ...,Πρῶτος
613 1465 908 1520 Ἀρισταῖος...
939 1463 1175 1519 πολλὴν...
1207 1467 1338 1519 σοφῆς
1373 1463 1463 1506 ἐκό-

983 1564 1105 1604 μισσε
1134 1550 1336 1606 μελίσσης

316 1637 553 1692 Δαιδαλὲην
585 1634 712 1679 ὠδῖνα
742 1636 1018 1692 πολυτρήτοιο
1047 1636 1327 1692 λοχείης...]

261 1725 410 1779 Quam
433 1726 639 1768 Aristaei
660 1739 849 1780 operam
871 1726 1060 1767 Nonnus
1081 1739 1228 1779 usque
1258 1727 1317 1766 ad
1339 1738 1523 1766 versum

262 1815 623 1856 ducentesimum
666 1815 1011 1869 sexagesimum
1054 1815 1305 1855 secundum
1353 1814 1523 1855 ibidem

260 1909 453 1944 enarrat.
487 1929 540 1933 —-
574 1903 840 1946 Aristaeum
873 1917 982 1945 vero
1015 1905 1210 1945 mulsum
1243 1917 1424 1958 quoque
1459 1904 1522 1944 in-

258 1993 440 2034 venisse
473 1993 647 2034 Plinius
679 1994 742 2035 ita
774 1993 913 2035 tradit
947 1993 1014 2047 (N.
1034 1993 1092 2034 H.
1114 1992 1245 2042 XIV,
1268 1993 1332 2046 4):

348 2082 530 2136 ,Neque
570 2082 689 2123 enim
727 2082 936 2124 fabulosa
978 2089 1056 2124 aut
1095 2083 1153 2124 de
1186 2082 1363 2136 origine
1395 2082 1522 2123 varie

258 2171 440 2225 prodita
473 2177 801 2220 consectamur,
822 2203 831 2213 .
851 2204 859 2212 .
879 2205 888 2213 .
922 2171 1186 2213 Aristaeum
1208 2171 1404 2225 primum
1427 2185 1520 2212 om-

256 2261 379 2301 nium
412 2260 457 2300 in
490 2261 652 2301 eadem
686 2261 1022 2315 (Maroneorum
1059 2262 1104 2302 in
1135 2261 1345 2314 Thracia)
1379 2268 1520 2315 gente

258 2350 349 2391 mel
381 2350 619 2391 miscuisse
651 2350 776 2400 vino,
818 2351 1044 2392 suavitate
1076 2351 1327 2405 praecipua
1358 2350 1520 2392 utrius-

257 2451 346 2492 que
379 2444 569 2480 naturae
602 2446 767 2494 sponte
798 2440 1134 2493 provenientis.'

1241 2512 1301 2544 10‘2‘
