2042 3070
735 446 1021 486 Γιμ89ψκιμ

481 564 762 612 ,distendunt
793 570 979 605 nectare
1014 564 1184 605 cellas’.
1220 590 1273 595 —-

250 652 352 705 Qua
383 653 558 694 ratione
601 659 647 692 et
677 652 944 705 Antiphilus
976 654 1115 706 poeta
1154 654 1229 694 ille
1262 655 1510 708 Byzantius

249 742 405 795 (Anth.
429 742 515 793 IX,
544 756 593 794 29
619 756 660 795 p.
683 741 781 794 404)
815 742 905 782 mel
936 738 1108 794 ,νέκταρ
1130 736 1338 795 ἀνθέριον’
1368 744 1508 784 nomi-

248 839 348 872 nat:
384 839 429 872 et
460 831 683 872 Martialis
717 831 873 872 scribit
906 831 1048 883 (XIII,
1074 832 1190 884 104):

308 929 431 977 ‚Hoc
463 928 545 969 tibi
576 928 744 968 Thesei
777 928 1045 981 populatrix
1077 929 1211 969 mittit
1242 929 1451 982 Hymetti

365 1017 567 1058 Palladis
600 1032 627 1058 a
659 1016 785 1057 silvis
817 1017 968 1057 nobile
1000 1023 1160 1058 nectar
1191 1017 1318 1071 apis.'

1053 1107 1107 1159 (v.
1132 1107 1238 1147 ibid.
1262 1106 1340 1154 IV,
1366 1107 1447 1159 32.)

334 1195 430 1237 Sed
463 1198 550 1237 hac
584 1197 641 1236 de
673 1210 722 1236 re
754 1196 937 1249 longius
971 1196 1311 1245 dissereremus,
1346 1197 1382 1236 si
1416 1209 1508 1237 om-

246 1300 327 1326 nes
371 1287 515 1333 locos,
563 1286 640 1326 ubi
687 1286 777 1325 mel
823 1299 924 1325 cum
970 1292 1157 1326 nectare
1206 1291 1508 1338 comparatur,

248 1387 630 1415 enumeraremus.
696 1373 831 1415 Certe
871 1373 1054 1427 quidem
1093 1388 1117 1414 e
1155 1375 1266 1414 locis
1313 1375 1508 1414 laudatis

244 1465 334 1504 iam
367 1463 561 1518 intelligi
590 1470 754 1516 potest,
787 1463 1093 1516 Porphyrium
1126 1463 1221 1504 iure
1254 1463 1507 1515 meritoque

245 1554 361 1594 haec
393 1553 632 1606 scripsisse
666 1552 723 1605 (d.
747 1551 804 1592 A.
823 1551 876 1591 N.
902 1552 989 1605 16):
1302 1535 1304 1537 ‚

330 1640 453 1691 ,Τινὲς
493 1638 630 1697 ἠξίουν
666 1639 715 1681 τὸ
757 1638 911 1693 νέκταρ
947 1638 1021 1680 καὶ
1056 1638 1131 1693 τὴν
1173 1635 1420 1694 ἀμβροσίαν,
1459 1637 1508 1692 ἣν

243 1723 362 1768 κατὰ
395 1726 512 1780 ῥινῶν
544 1724 692 1782 στάζει
718 1726 740 1767 ὁ
766 1725 936 1780 ποιητὴς
968 1728 1023 1781 (V.
1048 1728 1180 1768 Hom.
1205 1729 1254 1768 Il.
1280 1727 1415 1775 XIX,
1442 1730 1507 1778 38,

245 1831 334 1871 quo
368 1818 425 1857 de
458 1818 559 1857 loco
598 1817 714 1857 infra
752 1818 932 1870 planius
966 1818 1282 1858 disserendum
1323 1817 1420 1868 erit)
1456 1814 1509 1865 sig

243 1903 292 1946 τὸ
321 1903 378 1959 μὴ
407 1907 591 1958 σαπῆναι
621 1900 700 1955 τὰς
729 1904 1004 1958 τεθνηκότας,
1034 1903 1084 1946 τὸ
1110 1903 1204 1958 μέλ’.
1232 1902 1507 1958 ἐκδέχεσθαι·

244 1991 357 2032 θεῶν
397 1994 552 2045 τροφῆς
590 1990 705 2042 ὄντος
741 1996 816 2033 τοῦ
856 1991 1038 2045 μέλη-σς·
1084 1990 1142 2033 διὸ
1177 1990 1252 2032 καὶ
1295 1991 1397 2045 φησί
1431 2004 1508 2031 mo

244 2079 428 2134 (Odyss.
446 2080 502 2128 V,
527 2095 550 2132 9
557 2079 596 2131 3)
634 2077 788 2133 νέκταρ
824 2077 1018 2132 ἐρυθρόν·
1063 2081 1249 2119 τοιοῦτον
1285 2074 1371 2134 γὰρ
1408 2074 1509 2117 εἶναι

242 2168 369 2222 χροιᾷ
394 2165 443 2208 τὸ
473 2165 588 2220 μέλι]
610 2192 663 2195 -

331 2254 539 2308 Iuppiter
592 2255 716 2308 ipse,
774 2262 939 2309 postea
1003 2261 1156 2309 ,pater
1218 2254 1507 2307 omnipotens

243 2343 442 2384 Aether'
483 2343 537 2397 (V.
562 2344 706 2397 Verg.
729 2343 901 2398 Georg.
926 2345 981 2393 II,
1008 2357 1112 2396 3253
1145 2343 1264 2384 Aen.
1293 2343 1401 2389 XII,
1429 2357 1507 2394 140

245 2433 431 2473 secund.
493 2432 721 2486 Aeschyli
780 2432 942 2487 fragm.
999 2433 1118 2485 345),
1187 2438 1295 2472 tunc
1361 2429 1507 2471 infans
