2042 3070
919 435 1296 475 -da-llG-oe-

590 553 751 606 Itaque
774 554 955 594 Phocas
984 553 1311 606 grammaticus
1336 553 1393 592 de
1410 536 1626 606 Vergilio*
1648 554 1765 594 haec

503 649 829 683 commemorat
875 643 932 695 (V.
967 656 1016 693 25
1051 641 1337 695 vit.*Vergil.
1377 655 1449 694 ap.
1486 620 1763 684 Reiffersch.

502 728 687 772 Sueton.
711 745 755 784 p.
781 731 994 784 68—72):

561 820 840 868 ‚Praeterea,
873 820 909 860 si
931 833 1043 861 vera
1064 819 1192 869 fides,
1224 820 1306 860 sed
1334 833 1445 860 vera
1473 821 1705 873 probatur,

559 908 676 949 Lata
709 911 873 950 cohors
905 910 1059 963 apium
1090 909 1239 950 subito
1267 922 1352 962 per
1380 922 1485 949 rura
1514 909 1705 950 iacentis

559 997 714 1039 Labra
746 998 864 1039 favis
897 999 1014 1040 texit
1048 1000 1206 1039 dulces
1238 998 1393 1039 fusura
1425 999 1647 1052 loquelas,

557 1086 658 1127 Hoc
687 1089 917 1140 quondam
946 1088 989 1128 in
1021 1102 1152 1130 sacro
1181 1095 1356 1129 tantum
1387 1082 1550 1129 mirata
1571 1088 1764 1130 Platone

557 1175 782 1217 Iudicium
810 1177 997 1230 linguae
1026 1185 1248 1218 memorat
1273 1164 1449 1218 famosa
1471 1176 1705 1218 vetustas?

498 1263 646 1317 Quam
687 1265 889 1307 fabulam
932 1267 1114 1308 Phocas
1159 1274 1237 1308 aut
1276 1267 1377 1320 ipse
1419 1265 1551 1307 finxit
1589 1272 1667 1307 aut
1704 1280 1764 1307 ex

495 1361 683 1395 auctore
717 1357 916 1408 quodam
949 1370 976 1396 a
1008 1356 1191 1396 Donato
1223 1356 1439 1409 neglecto
1467 1356 1635 1397 hausit.

582 1444 797 1485 Lucanus
830 1458 1012 1498 quoque
1046 1446 1104 1485 ab
1138 1445 1302 1498 apibus
1339 1445 1475 1485 melle
1508 1446 1626 1485 altus
1659 1458 1761 1486 esse

496 1534 645 1573 dictus
684 1540 770 1581 est,
812 1535 849 1575 si
889 1534 1073 1587 quidem
1113 1534 1307 1582 auctori,
1349 1533 1425 1587 qui
1462 1533 1604 1574 vitam
1642 1534 1762 1575 illius
1816 1530 1818 1534 ’

492 1625 659 1677 poetae
709 1623 911 1677 scripsit,
959 1625 1149 1664 credere
1194 1637 1450 1677 possumus,
1522 1623 1639 1664 Nam
1687 1624 1759 1664 hic

495 1712 635 1754 refert
670 1714 726 1766 (v.
748 1712 1123 1754 Reifferscheidt.
1150 1713 1336 1755 Sueton.
1361 1727 1406 1766 p.
1434 1713 1642 1767 76—79):

584 1801 823 1850 ‚Octavum
848 1802 966 1842 enim
988 1816 1193 1843 mensem
1224 1816 1371 1855 agens
1393 1803 1594 1843 Romam
1616 1809 1760 1843 trans-

494 1892 611 1932 latus
651 1899 733 1932 est‘.
798 1891 870 1932 Ac
909 1906 966 1931 ne
1008 1892 1166 1944 dispar
1204 1898 1398 1932 eventus
1437 1893 1481 1932 in
1520 1906 1575 1933 eo
1607 1896 1760 1933 narrat

494 1987 617 2020 retur
650 1981 747 2020 eius
782 1980 857 2033 qui
890 1981 934 2020 in
966 1980 1174 2021 Hesiodo
1206 1981 1419 2029 refertur,
1468 1995 1569 2022 cum
1609 1981 1760 2035 opinio

494 2077 600 2109 tunc
633 2083 723 2109 non
747 2069 976 2109 dissimilis
1009 2078 1227 2119 maneret,
1260 2084 1401 2111 cunas
1434 2070 1629 2119 infantis,
1665 2071 1760 2124 qui-

492 2159 577 2198 bus
610 2157 861 2209 ferebatur,
903 2173 1016 2212 apes
1050 2159 1444 2208 circumvolarunt,
1477 2173 1621 2213 osque
1655 2160 1759 2200 insi-

493 2247 602 2287 dere
636 2248 912 2300 complures,
952 2256 1029 2289 aut
1070 2250 1249 2289 dulcem
1287 2249 1377 2289 iam
1417 2256 1512 2289 tum
1551 2249 1758 2303 spiritum

493 2336 590 2376 eius
624 2336 932 2377 inhaurientes
970 2345 1046 2378 aut
1078 2338 1322 2379 fecundum
1357 2345 1402 2379 et
1430 2339 1610 2392 qualem
1639 2352 1759 2379 nunc

493 2425 810 2466 existimamus
842 2425 1039 2467 futurum
1074 2426 1413 2481 significantes.
1438 2463 1443 2469 .
1465 2461 1473 2468 .
1495 2426 1518 2470 .'
1542 2451 1597 2456 —

2036 113 2042 245 -..ψμ-
2035 0 2042 51 ..—
