2042 3070
988 434 1277 473 -nod'lss-uzd

498 552 645 593 Plinio
683 552 958 600 nominatur,
997 552 1074 605 qui
1113 552 1279 592 deinde
1318 552 1434 591 haec
1476 550 1767 604 conqueritur

500 643 568 695 (N.
588 642 646 682 H.
664 641 750 689 XI,
775 641 863 694 12):
899 641 1081 689 ,utinam
1174 648 1297 681 esset
1327 647 1372 680 et
1394 653 1536 694 purus
1559 653 1612 680 ae
1635 639 1764 693 liqui-

499 733 584 772 dus
617 738 663 772 et
694 745 805 772 suae
838 737 1040 778 naturae,
1076 730 1222 783 qualis
1253 727 1410 769 defluit
1443 729 1613 782 primo:
1646 742 1766 769 nunc

499 835 609 861 vero
640 834 665 861 e
688 828 817 861 tanta
850 821 1022 861 cadens
1055 819 1308 867 altitudine,
1341 819 1624 872 multumque
1659 819 1766 859 dum

498 910 635 958 venit,
670 911 942 950 sordescens
967 918 1011 950 et
1034 909 1171 949 obvio
1195 915 1346 949 terrae
1369 908 1530 949 habitu
1552 907 1765 954 infectus:

497 1006 740 1052 praeterea
774 1013 798 1039 e
827 997 987 1039 fronde
1022 1012 1076 1039 ac
1108 998 1290 1051 pabulis
1321 1004 1460 1050 potus
1493 1004 1538 1038 et
1570 998 1614 1039 in
1646 1007 1764 1039 uter-

499 1088 625 1129 culos
664 1094 917 1141 congestus
956 1102 1094 1141 apum
1143 1088 1236 1140 (ore
1279 1088 1399 1128 enim
1437 1088 1665 1141 vomunt),
1706 1089 1766 1128 ad

498 1179 614 1218 haec
643 1191 752 1218 suco
775 1177 936 1218 florum
966 1186 1206 1230 corruptus
1239 1184 1283 1217 et
1309 1155 1462 1217 alveis
1494 1184 1765 1226 maceratus,

497 1267 725 1320 totiesque
757 1273 970 1316 mutatus,
1002 1280 1221 1320 magnam
1253 1273 1407 1307 tamen
1442 1266 1656 1308 caelestis
1688 1281 1765 1308 na-

497 1366 626 1398 turae
658 1357 947 1410 voluptatem
979 1354 1140 1397 affert?
1176 1380 1226 1385 —

585 1446 702 1486 Mira
724 1446 841 1486 haec
864 1446 1049 1499 quidem
1078 1445 1232 1499 opinio
1256 1452 1463 1485 veterum
1485 1444 1616 1485 nobis
1639 1445 1764 1486 vide-

497 1544 569 1576 tur
602 1548 723 1586 esse,
765 1536 847 1576 secl
887 1533 1033 1575 minus
1072 1535 1281 1575 obsoleta
1314 1534 1352 1574 si
1383 1534 1427 1574 in
1460 1533 1654 1588 egregio
1688 1535 1765 1575 illo

494 1626 610 1665 libro
642 1624 921 1678 Wolfgangi
953 1624 1172 1672 Menzeli‚
1220 1637 1355 1677 quem
1398 1623 1763 1671 ,vorchristliche

498 1714 1061 1755 Unsterblichkeitslehre’
1079 1712 1345 1761 nominavit,
1363 1712 1560 1765 legimus
1576 1714 1698 1766 (tom.
1709 1713 1764 1761 Π,

494 1818 595 1857 cap.
625 1818 687 1855 13.
727 1804 852 1857 Lips.
890 1802 1035 1856 1870),
1084 1804 1175 1843 mel
1217 1802 1448 1856 hodieque
1491 1802 1534 1842 in
1578 1802 1762 1856 quibus—

494 1894 600 1934 dam
643 1892 919 1934 Germaniae
965 1893 1233 1946 regionibus
1282 1872 1764 1941 ,Himmelsschxveiis'

495 1982 665 2024 vocari.

584 2072 760 2125 Quibus
807 2072 853 2112 in
891 2073 1028 2112 rebus
1068 2072 1435 2125 Theophrastus,
1485 2085 1764 2126 quamquam

495 2161 744 2215 discipulus
777 2161 1060 2209 Aristotelis,
1112 2175 1193 2202 suo
1233 2161 1400 2203 iudicio
1438 2162 1588 2216 magis
1627 2175 1764 2215 quam

493 2251 668 2292 Plinius
700 2265 809 2292 usus
843 2258 929 2299 est,
971 2251 1195 2305 triplicem
1234 2252 1380 2292 mellis
1414 2251 1762 2304 generationem

494 2342 558 2382 ita
581 2355 852 2382 enumerans
877 2342 935 2394 (p.
956 2341 1077 2394 475):
1109 2338 1210 2389 J'O-:a
1232 2340 1276 2381 αἱ
1296 2343 1371 2380 τοῦ
1397 2339 1562 2394 μέλιτος
1582 2337 1764 2394 γενέσεις

495 2429 675 2484 τριτταὶ·
703 2426 729 2483 ἡ
752 2428 824 2483 μὲν
846 2425 928 2471 ἀπὸ
947 2432 1032 2470 τῶν
1055 2425 1200 2470 ἀνθῶν
1227 2429 1302 2470 καὶ
1328 2429 1369 2470 ἐν
1396 2426 1451 2480 οἷς
1478 2425 1625 2479 ἄλλοις
1652 2426 1763 2469 ἐστὶν
