2042 3070
756 415 1013 453 *7⁸24

254 531 361 572 lecti
406 531 606 584 editique
647 538 768 581 sunt,
813 533 894 572 sed
939 532 1028 572 iam
1076 510 1216 571 multo
1263 538 1368 571 ante
1411 545 1515 571 con-

254 620 422 673 scripti.

342 708 673 749 Recentiorum
694 721 805 748 vero
835 714 1082 755 auctorum,
1117 708 1192 761 qui
1220 708 1414 748 nummis
1447 721 1515 747 re-

255 797 426 851 spectis
489 797 746 851 symbolum
814 797 923 837 illud
986 803 1321 845 tractaverunt,
1385 797 1516 837 Clau-

254 886 354 926 dius
387 885 667 925 Menetreius
707 886 878 939 primus
921 885 1102 926 videtur
1136 900 1262 934 esse;
1313 886 1440 926 cuius
1474 887 1517 925 in

252 975 367 1015 libro
416 973 702 1028 ‚Symbolica
740 975 919 1015 Dianae
959 975 1191 1028 Ephesiae
1238 974 1407 1017 statua'
1454 976 1517 1015 in-

255 1064 437 1117 scripto,
462 1076 597 1116 quem
621 1062 685 1102 ΑΟ
706 1062 972 1104 MDCLVH
994 1063 1176 1105 Romae
1200 1065 1353 1115 edidit,
1381 1064 1517 1104 etiam

254 1153 354 1206 apis
401 1152 640 1205 mellisque
689 1152 899 1206 symbola
947 1152 1180 1205 explicata
1227 1159 1341 1194 sunt.
1415 1152 1515 1205 Quo

252 1243 366 1282 libro
395 1249 443 1283 ut
472 1241 603 1282 nobis
633 1242 814 1282 videtur
846 1248 1098 1282 commotus
1128 1241 1229 1292 Joh.
1259 1241 1379 1282 Petr.
1413 1241 1515 1280 Bel-

253 1331 390 1371 lorius
429 1343 547 1370 anno
588 1330 797 1384 sequenti
839 1337 988 1378 ‚notas
1026 1330 1071 1370 in
1109 1330 1384 1370 numismata
1422 1336 1517 1370 tum

253 1419 456 1472 Ephesia
495 1426 590 1460 tum
636 1420 825 1459 aliarum
868 1419 1044 1459 urbium
1085 1420 1248 1473 apibus
1288 1417 1516 1471 insignita'

254 1509 413 1550 emisit.
461 1509 760 1550 Nummorum
783 1522 893 1548 vero
927 1508 1192 1555 simulacris,
1227 1521 1344 1560 quae
1367 1507 1517 1547 Bello-

252 1598 344 1638 rius
397 1600 584 1651 antiquo
633 1606 678 1639 et
725 1598 862 1638 valde
911 1611 1130 1650 perverso
1180 1610 1305 1637 more
1355 1598 1518 1636 eadem

253 1688 403 1727 omnia
442 1687 757 1740 magnitudine
795 1687 1007 1740 praebet,
1048 1685 1185 1726 fidem
1224 1687 1396 1726 habere
1429 1699 1518 1725 non

251 1776 370 1816 licet,
422 1774 523 1828 Quo
546 1776 606 1824 fit,
640 1783 688 1817 ut
712 1778 768 1817 de
798 1777 852 1817 iis
884 1776 1078 1816 nummis
1111 1781 1288 1816 tantum
1323 1775 1518 1814 dissera-

252 1878 364 1916 mus⁷
401 1879 513 1918 quos
548 1866 648 1919 apis
682 1866 923 1906 simulacro
956 1865 1197 1918 insignitos
1230 1864 1273 1904 in
1302 1865 1518 1903 thesauro

252 1954 382 2007 regio
411 1955 688 1995 berolinensi
722 1961 767 1994 et
796 1954 991 1994 vidimus
1025 1960 1070 1994 et
1103 1967 1206 1993 cum
1239 1952 1518 1993 observatio-

254 2043 386 2083 nibus
421 2045 478 2083 ab
512 2043 756 2092 Eckhelio‚
790 2044 886 2084 viro
921 2043 1204 2091 doctissimo,
1248 2043 1335 2082 hac
1374 2043 1431 2081 de
1470 2054 1519 2080 re

252 2132 385 2177 factis
418 2133 799 2186 comparavimus.

340 2222 407 2261 Ea
445 2227 609 2267 autem,
648 2235 766 2274 quae
798 2221 1077 2262 Menetreius
1120 2228 1164 2261 et
1196 2220 1422 2260 Bellorius
1463 2220 1518 2258 de

253 2311 586 2364 significatione
632 2311 886 2364 symbolica
931 2311 1031 2364 apis
1076 2310 1314 2362 mellisque
1359 2308 1518 2348 attule-

253 2408 368 2448 runt,
387 2401 575 2453 indigna
594 2401 805 2440 videntur
824 2414 938 2447 esse,
958 2414 1077 2452 quae
1097 2403 1519 2441 commemorentur,
