2042 3070
697 442 1014 481 &⁴117ss

308 561 440 601 Haec
463 549 737 614 significatio
770 559 1025 614 symbolica
1058 560 1211 612 apium
1244 561 1481 613 mellisque

217 664 362 704 usque
417 651 476 690 ad
522 649 722 689 medium
777 662 941 688 aevum
988 649 1192 701 vigebat.
1272 650 1390 690 Nam
1437 650 1481 689 in

220 740 440 792 ‚legenda
462 736 618 779 aurea’
649 738 734 791 (ed.
757 737 838 778 Th.
862 736 1073 786 Gmesse,
1107 738 1171 778 AO
1189 741 1308 789 1850,
1332 752 1376 791 p.
1399 752 1480 789 250

216 843 258 870 v.
281 842 400 882 supr.
433 827 510 868 ubi
544 827 601 867 de
624 825 850 867 ambrosia
875 839 983 866 esca
1006 827 1276 880 angelorum
1305 827 1478 879 scrips.)

219 917 277 958 de
310 924 469 958 sancto
500 915 750 957 Ambrosio
781 916 898 956 haec
929 915 1155 956 feruntur:

304 1005 596 1055 ,Ambrosius
620 1037 627 1046 .
649 1037 657 1046 .
677 1037 684 1046 .
707 1038 714 1046 .
758 1018 860 1045 cum
900 1004 944 1044 in
985 1005 1220 1045 cunabulis
1241 1037 1249 1045 .
1270 1037 1277 1045 .
1300 1038 1307 1046 .
1328 1037 1336 1046 .
1379 1006 1478 1044 dor-

216 1095 358 1144 miret,
395 1108 590 1135 examen
624 1107 761 1148 apum
794 1094 944 1134 subito
966 1094 1156 1134 veniens
1184 1093 1349 1134 faciem
1383 1094 1477 1134 eius

216 1191 262 1225 et
294 1198 345 1225 os
377 1185 440 1224 ita
473 1184 733 1237 complevit,
764 1190 812 1224 ut
846 1183 977 1236 quasi
1009 1183 1054 1223 in
1087 1184 1314 1224 alveolum
1347 1197 1478 1224 suum

214 1275 435 1315 intrarent
466 1273 638 1327 pariter
677 1280 721 1314 et
760 1273 950 1314 exirent.
1015 1272 1144 1326 Quae
1176 1280 1341 1326 postea
1373 1286 1476 1313 evo-

214 1364 362 1405 lantes
409 1364 455 1404 in
501 1368 675 1404 tantam
723 1362 841 1403 aeris
883 1362 1167 1404 altitudinem
1210 1363 1477 1403 sublevatae

217 1460 332 1502 sunt,
364 1459 414 1493 ut
434 1451 644 1493 humanis
672 1452 815 1492 oculis
846 1452 1028 1492 minime
1051 1452 1325 1493 viderentur.
1376 1450 1477 1504 Quo

214 1549 404 1596 peracto
443 1542 627 1582 territus
658 1546 791 1595 pater
830 1541 912 1581 ait:
962 1542 999 1582 si
1030 1541 1200 1582 vixerit
1231 1540 1476 1581 infantulus

212 1633 299 1673 iste
333 1631 504 1685 aliquid
536 1630 693 1684 magni
726 1629 837 1671 erit.'
860 1655 916 1659 ——

301 1719 436 1773 Quod
474 1719 740 1760 miraculum
781 1719 919 1760 etiam
950 1719 1164 1772 Baptista
1195 1720 1476 1760 Mantuanus

213 1808 492 1864 (Spagnoli)‚
532 1809 609 1862 qui
647 1809 769 1850 circa
808 1823 974 1850 annum
1006 1809 1103 1850 MD
1134 1823 1178 1862 p.
1197 1809 1300 1851 Chr.
1319 1823 1361 1851 n.
1395 1809 1474 1849 flo-

211 1899 311 1947 ruit,
342 1899 412 1939 his
434 1899 643 1939 versibus
666 1899 869 1939 celebrat
893 1898 978 1952 (ed.
998 1898 1138 1940 Antv.
1165 1901 1286 1950 1576.
1307 1906 1412 1939 tom.
1430 1897 1474 1938 H

210 2002 254 2042 p.
297 1988 404 2040 285b
467 1988 524 2028 de
589 1987 731 2029 sacris
792 1987 954 2028 diebus
1010 1988 1085 2029 lib.
1123 1987 1191 2028 IV
1236 1987 1385 2041 April.
1429 2001 1470 2027 v.

213 2077 417 2131 52sqq0:

269 2166 396 2218 ,Cum
429 2180 544 2219 puer
575 2166 620 2206 in
653 2166 779 2207 cunis
812 2166 917 2207 olim
950 2166 1168 2207 dormiret
1200 2166 1384 2220 apertis,

268 2255 407 2295 Forte
439 2255 580 2296 labris
614 2269 809 2296 examen
841 2269 979 2309 apum
1013 2269 1151 2309 super
1182 2255 1301 2297 illius
1334 2269 1414 2297 ora

269 2341 388 2384 Sidit
410 2350 456 2385 et
478 2344 742 2398 ingrediens
758 2345 930 2386 buccas
951 2351 1250 2398 tenerumque
1267 2345 1473 2399 palatum

266 2433 503 2474 Invenisse
525 2433 642 2474 favis
670 2440 842 2475 tectum
872 2447 921 2474 se
949 2434 1162 2474 credidit:
1200 2441 1246 2475 at
1273 2448 1383 2474 mox
