2042 3070
743 431 1031 469 -fflffnr4⁴²

261 546 463 598 cognitio
505 547 920 600 contemplatioque
959 548 1174 587 inchoata
1207 548 1281 595 sit,
1321 547 1390 587 his
1422 561 1521 586 ver-

257 634 328 675 bis
360 641 535 675 narrat:

349 725 494 771 ‚Multi
517 738 594 765 eas
619 725 778 776 (alvos)
814 730 858 765 et
882 738 905 764 e
931 726 1159 778 speculari
1180 726 1335 778 lapide
1357 724 1523 773 fecere,

260 822 308 854 ut
341 820 588 866 operantes
626 813 747 854 intus
786 813 1075 866 spectarent’.
1139 813 1240 867 Qua
1279 816 1335 854 de
1370 815 1523 854 obser—

249 884 444 943 'vatione
477 902 600 943 faeta
635 903 743 943 dicit
777 903 874 955 (XI,
904 903 991 955 16):

349 989 630 1044 ,Spectatum
663 992 751 1032 hoc
783 991 966 1031 Romae
1000 993 1252 1032 consularis
1287 991 1522 1032 cuiusdam

260 1082 540 1132 suburbano,
596 1081 739 1121 alveis
787 1093 926 1121 cornu
982 1064 1186 1121 laternae
1243 1079 1522 1121 translucido

258 1168 422 1210 factis'.

349 1258 421 1297 Ex
442 1258 606 1311 quibus
629 1259 747 1298 hanc
781 1257 1087 1299 coniecturam
1124 1271 1292 1311 capere
1325 1271 1414 1297 non
1445 1258 1523 1296 du-

258 1347 470 1394 bitamus,
500 1346 714 1395 Graecos,
750 1362 863 1401 quos
886 1348 1113 1388 Romanis
1147 1348 1299 1401 apium
1334 1347 1525 1387 scientia

261 1437 523 1490 superiores
565 1450 666 1477 esse
708 1450 767 1477 ex
807 1437 1058 1477 Aristotele
1099 1437 1442 1489 cognoscimus,
1481 1444 1526 1476 et

260 1526 455 1566 fortasse
493 1526 583 1566 iam
617 1526 883 1580 Aegyptios
923 1527 1085 1566 eadem
1127 1532 1224 1565 arte
1266 1539 1374 1565 usos
1409 1540 1522 1566 esse.

262 1614 310 1656 Si
341 1628 452 1654 vero
485 1616 542 1655 de
576 1616 810 1655 alveorum
843 1622 1005 1655 natura
1044 1615 1145 1667 ipsa
1186 1617 1309 1667 apud
1342 1623 1525 1655 veteres

261 1705 397 1757 plane
422 1704 764 1752 dissereremus,
796 1705 980 1757 longius
1007 1718 1032 1743 a
1054 1718 1102 1744 re
1127 1704 1362 1757 proposita
1396 1705 1524 1743 aber-

260 1807 485 1833 raremus:
532 1795 614 1833 sed
656 1795 860 1841 modum,
909 1806 997 1846 quo
1041 1793 1402 1846 Magerstedtius
1447 1806 1525 1832 eas

261 1889 444 1923 ornatas
466 1882 606 1922 fuisse
638 1882 844 1930 coniecit,
878 1882 1039 1935 paucis
1067 1881 1278 1922 refellere
1302 1882 1524 1921 volumus,

261 1972 306 2012 Is
340 1971 459 2012 enim
493 1971 534 2023 (1.
559 1971 584 2010 1.
609 1984 652 2023 p.
676 1971 742 2022 76)
777 1971 861 2011 ait:

351 2060 456 2108 ,Die
505 2059 785 2112 Fluglocher
840 2059 1059 2100 schienen
1105 2072 1159 2098 zu
1206 2058 1526 2111 geschnitzten

264 2149 537 2190 Gesichtern
570 2149 682 2188 oder
711 2147 1053 2188 Gotterbildern
1087 2147 1286 2200 geformt
1319 2161 1371 2186 zu
1405 2147 1526 2186 sein'.

263 2239 328 2287 Id,
362 2238 495 2291 quod,
530 2237 568 2277 si
600 2249 758 2276 verum
792 2244 931 2285 esset,
973 2237 1246 2283 ostenderet,
1281 2242 1451 2288 quanto
1483 2236 1526 2274 in

263 2329 438 2368 honore
473 2340 586 2380 apes
621 2331 786 2366 essent.
852 2323 946 2366 Sed
978 2324 1096 2364 illius
1129 2324 1214 2364 viri
1247 2324 1369 2364 docti
1402 2324 1527 2363 testi-

264 2416 414 2457 monia
461 2423 505 2456 et
543 2417 686 2455 Verba
719 2415 1001 2456 Columellae
1043 2414 1142 2467 (IX,
1169 2427 1205 2465 7,
1229 2413 1268 2465 4)
1318 2427 1415 2461 ,ora
1456 2426 1526 2452 ca-
