2042 3070
959 442 1246 482 ᾑ,μ9ονεμ

478 562 685 610 ,Dictaeo
706 594 712 600 .
735 593 741 601 .
763 594 770 601 .
806 562 888 601 sub
922 559 1063 601 antro’
1098 560 1153 612 (v.
1177 559 1321 613 Verg.
1345 559 1516 612 Georg.
1540 559 1619 608 IV,
1644 558 1736 610 152)

478 651 631 698 melle,
669 656 856 690 nectare
896 650 971 690 illo
1005 663 1066 690 ex
1098 649 1286 690 aethere
1318 656 1444 697 nam,
1484 650 1542 689 ab
1575 649 1738 702 apibus

477 746 638 793 pastus
671 745 752 779 est.
806 736 1069 779 Secundum
1097 739 1394 780 vetustiorem
1427 744 1579 778 autem
1611 737 1739 778 fabu-

476 830 567 869 lam
609 830 843 882 nymphae
882 829 1117 870 Adrastea
1157 835 1202 869 et
1239 827 1490 868 Amalthea
1529 827 1585 879 (v.
1609 826 1740 868 Calli-

477 918 624 959 maeh.
643 918 798 971 hymn.
816 918 860 957 in
877 917 972 959 Iov,
992 932 1032 958 V.
1059 932 1119 966 10,
1140 921 1288 969 46-54
1313 923 1358 957 et
1380 930 1533 970 graec.
1553 916 1738 969 interpr.

479 1008 537 1048 ad
569 1021 610 1047 v.
642 1007 731 1060 47),
780 1007 855 1046 vel
894 1005 1128 1047 Adrastea
1167 1012 1212 1047 et
1252 1007 1336 1047 Ida
1377 1006 1430 1059 (V.
1461 1004 1678 1058 Apollod.
1708 1004 1740 1052 I,

484 1111 515 1145 1,
530 1098 567 1145 6,
590 1096 668 1136 ubi
689 1096 936 1150 nymphae,
960 1102 1008 1137 ut
1026 1097 1149 1149 apud
1167 1095 1422 1159 Diodorum
1439 1094 1495 1143 V,
1516 1107 1567 1146 70
1586 1108 1628 1148 p.
1647 1098 1741 1145 387,

478 1186 554 1240 qui
586 1186 677 1226 mel
707 1198 887 1239 quoque
921 1185 1060 1231 addit,
1095 1198 1288 1237 puerum
1321 1185 1440 1225 lacte
1464 1182 1742 1224 Amaltheae

479 1288 647 1328 caprae
688 1274 918 1327 educunt),
964 1275 1039 1314 vel
1078 1274 1328 1315 Amalthea
1374 1280 1419 1313 et
1457 1272 1647 1313 Melissa
1687 1273 1742 1324 (V.

479 1365 687 1404 Lactant.
719 1363 856 1404 instit.
885 1363 961 1403 lib.
985 1364 1016 1411 I,
1045 1363 1130 1415 22),
1170 1363 1295 1416 regis
1330 1361 1614 1403 Cretensium
1647 1361 1743 1401 Me-

479 1454 603 1493 lissei
650 1452 788 1500 filiae,
843 1466 1035 1505 puerum
1093 1452 1295 1492 divinum
1348 1452 1469 1492 lacte
1517 1451 1744 1504 melleque

481 1543 701 1583 aluerunt.
765 1541 876 1582 Rex
909 1555 1018 1582 vero
1057 1541 1132 1581 ille
1165 1541 1429 1589 Melisseus,
1471 1540 1548 1594 qui
1580 1552 1745 1580 nomen

481 1639 558 1673 aut
590 1646 617 1672 a
656 1629 876 1683 μελίσσαις
916 1630 1057 1679 duxit,
1097 1635 1175 1670 aut
1204 1655 1256 1659 —
1281 1636 1330 1670 ut
1362 1630 1587 1682 interpres
1612 1642 1745 1681 grae-

484 1736 563 1762 cus
591 1720 780 1761 Pindari
814 1720 888 1774 (ad
910 1719 1045 1774 Pyth.
1070 1719 1150 1767 IV,
1176 1720 1268 1773 104)
1304 1719 1359 1759 de
1383 1718 1572 1759 Melissa
1604 1718 1667 1759 ait
1694 1742 1746 1746 ——

484 1811 537 1851 iis
571 1811 710 1858 dedit,
750 1823 881 1850 sacra
914 1809 1102 1849 deorum
1135 1809 1307 1862 primus
1341 1807 1629 1849 constituisse
1662 1806 1748 1847 fer-

483 1906 566 1940 tur.
616 1898 717 1951 Quo
744 1899 879 1947 cultu,
914 1898 989 1951 qui
1012 1899 1200 1938 multum
1230 1898 1321 1937 mel
1352 1896 1600 1950 requisivit,
1635 1875 1747 1949 apis,

485 1994 612 2029 casta
671 1988 768 2028 eius
826 1986 1003 2040 opifex,
1063 1987 1320 2041 symbolum
1380 1986 1490 2026 illud
1548 1985 1769 2025 divinum-

484 2078 653 2118 factum
702 2085 789 2125 est,
839 2077 961 2130 quod
1000 2076 1137 2117 etiam
1171 2075 1306 2116 hodie
1344 2075 1388 2115 in
1422 2074 1672 2115 simulacris
1707 2079 1752 2114 et

485 2166 678 2207 nummis
712 2165 993 2207 Graecorum
1025 2165 1433 2217 Romanorumque
1465 2163 1592 2204 nitet.
1626 2187 1681 2191 —

575 2255 756 2296 Cretam
802 2255 952 2308 igitur,
1003 2254 1079 2293 ubi
1118 2253 1362 2293 Melisseus
1407 2253 1637 2306 regnavit,
1687 2252 1749 2292 in-

488 2344 713 2384 cunabula
734 2343 857 2384 Iovis
879 2343 1018 2384 fuisse
1042 2343 1249 2396 plerique
1271 2343 1457 2383 tradunt
1480 2342 1534 2395 (V.
1558 2341 1749 2382 Hesiod.

486 2433 567 2475 Th.
593 2436 674 2487 466
695 2447 811 2486 sqq.‚
859 2432 936 2472 ubi
984 2431 1303 2472 nutrimentum
1346 2430 1478 2471 lactis
1522 2438 1567 2472 et
1606 2430 1751 2470 mollis
