2042 3070
639 420 955 459 &145ae

165 534 312 588 Quem
345 537 494 576 locum
527 536 933 577 Drakenborchius
974 539 1061 578 hoc
1094 539 1231 578 modo
1265 539 1428 579 acutis-

165 623 275 664 sime
304 624 628 677 interpretatus
660 632 728 666 est
761 626 816 678 (v.
840 626 898 665 ad
923 624 1001 667 Sil.
1024 627 1123 667 Ital.
1147 627 1278 674 XIII,
1303 627 1424 679 434):

252 712 513 761 ‚Manifeste
561 715 748 767 probat,
799 714 909 754 nihil
960 715 1081 756 aliud
1127 712 1426 767 μειλίσσεσθαι

165 815 301 855 quam
332 799 426 853 μέλι
456 802 499 842 in
533 803 674 843 sacris
710 811 990 844 mortuorum
1023 803 1226 845 fundere.
1290 805 1426 846 Unde

166 899 210 934 et
240 891 438 945 μέλισσαι
469 892 620 933 dictae
649 900 926 934 mortuorum
951 894 1201 934 animae
1234 892 1427 948 μειλίχιοι

163 979 257 1021 θεοὶ
287 988 391 1022 sunt
423 981 485 1021 dii
517 981 771 1022 infernales'
806 988 893 1023 etc.
928 990 1012 1023 etc.
1032 1014 1040 1023 .
1061 1015 1098 1023 ..
1133 1008 1187 1011 —

252 1074 501 1115 Praeterea
539 1068 709 1126 ,Ἑκάτη
748 1071 908 1126 χθονία
948 1071 1023 1113 καὶ
1059 1071 1214 1127 σελήνη
1251 1070 1279 1126 ἡ
1318 1072 1427 1127 αὐτή

164 1160 276 1210 ἐστι’,
306 1169 356 1202 ut
377 1162 609 1203 Theocriti
640 1162 864 1215 interpres
887 1176 1086 1216 graecus
1120 1164 1193 1216 (ad
1218 1163 1350 1218 Idyll.
1370 1164 1426 1212 ΙΙ,

172 1251 235 1304 12)
269 1250 342 1291 ait.
400 1249 494 1310 ‘Qui
526 1251 664 1292 etiam
698 1251 818 1304 (ibid.
843 1252 902 1291 ad
925 1252 1055 1305 Idyll.
1080 1251 1134 1299 II,
1161 1252 1230 1304 33)
1265 1253 1423 1293 docet:

163 1337 350 1393 ,Ἄρτεμις
388 1334 415 1391 ἡ
458 1336 567 1391 αὐτὴ
608 1339 661 1391 τῇ
695 1336 883 1392 Σελήνῃ’.
950 1338 1257 1392 Quamobrem
1298 1340 1427 1382 Luna

164 1429 288 1483 apud
326 1427 611 1481 Aeschylum
658 1428 805 1481 (frgm.
839 1432 916 1480 164
953 1430 1021 1470 ed.
1052 1430 1245 1484 Nauck.)
1293 1427 1426 1483 ,ὄμμα

163 1517 345 1572 Λητῷας
383 1516 524 1571 κόρης7
565 1519 835 1572 appellatur.
898 1518 1110 1572 Denique
1152 1519 1428 1573 Proserpina

165 1609 327 1650 eadem
375 1610 463 1650 dea
511 1616 607 1650 erat
655 1622 772 1661 quae
811 1608 942 1649 Luna
981 1608 1037 1661 (V.
1071 1608 1245 1650 Nitsch.
1278 1608 1426 1663 Myth.

163 1698 395 1740 Wssrterb.
430 1712 462 1739 s.
498 1712 539 1738 n.
606 1698 818 1750 Proserp.
851 1704 956 1738 tom.
990 1696 1033 1737 ΙΙ
1066 1711 1107 1750 p.
1134 1697 1247 1749 303).
1326 1696 1427 1750 Qua

164 1801 266 1828 cum
306 1800 355 1828 re
391 1788 508 1828 haec
540 1786 769 1840 Porphyri
801 1787 944 1826 verba
984 1799 1260 1839 componere
1301 1787 1426 1827 volu-

163 1890 263 1917 mus
303 1876 360 1930 (d.
383 1876 513 1917 Antr.
537 1876 590 1916 N.
616 1876 703 1929 18):
747 1871 941 1928 ,σελήνην
976 1886 1024 1914 τε
1060 1872 1190 1915 οὖσαν
1225 1872 1428 1928 γενέσεως

164 1960 423 2018 προστάτιδα
460 1962 665 2017 μέλισσαν
705 1960 884 2004 ἐκάλουν
921 1962 974 2016 (οἱ
1002 1961 1204 2014 παλαιοί).
1235 1988 1287 1991 -
1319 1964 1428 2018 Qui-

163 2056 248 2096 bus
278 2069 338 2095 ex
366 2054 783 2108 comparationibus
815 2055 1026 2096 Hecaten
1057 2054 1283 2108 triplicem
1322 2068 1427 2095 ean—

166 2145 269 2185 dem
303 2157 405 2184 esse
438 2157 491 2184 ac
514 2144 836 2197 Proserpinam
870 2151 915 2184 et
946 2144 1143 2184 Dianam
1177 2150 1221 2185 et
1249 2144 1427 2184 Lunam

165 2233 421 2287 colligimus
455 2234 510 2286 (V.
533 2233 707 2274 Nitsch.
730 2233 756 2273 l.
777 2233 804 2273 1.
829 2239 935 2277 tom.
959 2233 980 2273 Ι
1013 2247 1055 2286 p.
1083 2232 1191 2286 789).
1252 2231 1428 2286 Quibus

165 2323 339 2362 deabus
386 2336 522 2375 apem
570 2323 833 2363 attributam
871 2321 1029 2370 fuisse,
1078 2336 1137 2362 ex
1178 2323 1280 2362 loco
1318 2322 1429 2362 Por-

164 2410 300 2464 phyri
331 2410 518 2452 laudato
550 2410 832 2462 perlucidum
864 2410 925 2451 fit.
963 2436 1010 2440 —

1151 2492 1190 2513 10
