2042 3070
692 425 1010 466 *⁴115*

216 542 326 583 tiam
344 542 394 584 L.
406 541 624 596 Calpurni
641 542 819 584 Pisonis
838 550 1148 597 comparatam
1167 545 1290 597 apud
1309 553 1477 587 auctor.

219 631 403 673 carmin.
437 632 495 671 ad
519 631 669 673 Pison.
702 646 742 673 v.
766 635 819 684 64
851 638 896 672 et
918 631 1151 681 Antonini,
1186 633 1258 673 avi
1291 635 1483 674 materni

217 720 437 762 Antonini
461 721 531 761 Pii
553 722 677 775 apud
699 722 811 762 Plin.
841 722 886 762 in
909 722 1040 775 epist.
1066 721 1146 769 IV,
1172 736 1194 773 3
1221 728 1266 762 et
1289 722 1335 763 C.
1354 723 1483 763 Laeli

219 811 341 863 apud
379 808 457 851 Sil.
493 811 590 851 Ital.
625 811 733 859 XV,
767 824 850 863 459
901 817 945 851 et
988 810 1147 851 Urbici
1195 812 1482 864 grammatici

218 900 342 951 apud
372 898 545 940 Auson.
576 899 774 941 Profess.
798 899 936 947 XXI,
965 913 1012 939 22
1049 907 1093 940 et
1124 899 1184 942 M.
1210 899 1329 940 Tulli
1357 900 1482 940 Cice—

218 988 339 1028 ronis
385 988 531 1041 [cuius
573 988 879 1042 eloquentiam
912 986 1220 1042 Symmachus
1248 989 1269 1028 I
1302 1003 1401 1042 cap.
1429 1004 1475 1040 31

220 1077 330 1124 ‚mel
373 1077 648 1117 Tullianum’
691 1076 914 1130 appellat]
964 1078 1087 1130 apud
1127 1077 1303 1119 Auson.
1338 1078 1481 1131 Epist.

218 1166 350 1214 XVI,
381 1181 428 1218 14
465 1166 523 1219 [v.
555 1166 661 1208 ibid.
689 1165 882 1208 Gratiar.
913 1166 1076 1207 action.
1106 1167 1183 1206 ubi
1207 1146 1263 1206 de
1286 1167 1482 1206 Nestore

221 1255 376 1296 scribit
407 1255 603 1308 Auson]
645 1263 690 1296 et
721 1255 882 1294 Iuliani
916 1254 1118 1308 Augusti
1152 1256 1275 1307 apud
1309 1255 1481 1296 Himer.

220 1344 422 1397 Sophist.
448 1350 559 1385 orat.
583 1344 684 1393 VII,
708 1347 755 1384 16
791 1350 928 1397 atque
962 1352 1018 1385 et.
1045 1344 1324 1388 VVinckelm.
1349 1345 1480 1386 vers.

220 1434 345 1474 einer
367 1433 524 1486 Alleg.
550 1437 568 1483 g
593 1434 701 1485 102).
739 1457 790 1462 —

295 1521 423 1563 Sicut
435 1521 615 1562 Platoni
633 1521 903 1575 sapientiam
916 1528 961 1562 et
975 1521 1294 1574 eloquentiam,
1307 1522 1369 1562 ita
1381 1521 1483 1561 Pin-

221 1612 332 1650 daro
351 1624 465 1664 apes
483 1619 626 1651 artem
644 1610 873 1664 poeticam
893 1610 1183 1663 portendisse
1203 1611 1482 1651 dicebantur.

220 1700 338 1740 Nam
361 1700 404 1739 in
422 1699 617 1739 Aeliano
641 1699 748 1753 (var.
769 1699 870 1740 hist.
896 1699 1005 1747 XII,
1029 1700 1096 1752 45)
1121 1700 1237 1739 haec
1260 1699 1477 1751 legimus:

304 1790 612 1847 ....,Πινδάρῳ
648 1796 724 1846 τῆς
762 1793 962 1847 πατρῴας
999 1792 1131 1843 οἰκίας
1168 1790 1386 1833 &mae-&ven
1417 1792 1486 1845 μὲ-

216 1878 361 1918 λιτται
399 1878 544 1932 τροφόν.
583 1877 790 1933 ἐγένοντο,
835 1877 934 1934 ὑπὲρ
974 1883 1049 1920 ταῦ
1088 1876 1312 1933 γάλακτος
1351 1892 1486 1932 παρα-

218 1964 408 2006 τιθ-εῖσαι
437 1964 552 2018 μέλι]
575 1990 628 1993 -

312 2055 368 2097 Et
391 2056 659 2104 Pausanias,
690 2056 853 2097 eadem
875 2056 1030 2096 fabula
1052 2057 1211 2104 relata,
1234 2056 1357 2095 addit
1384 2055 1486 2109 (IX,

218 2159 261 2198 p·
287 2144 410 2197 375)=

274 2231 421 2286 ,Ἀρχὴ
442 2231 513 2285 μὲν
535 2230 726 2286 Πινδάρῳ
747 2235 870 2273 ποιεῖν
892 2230 1069 2286 ᾄσματα
1091 2229 1257 2286 ἐγένετο
1285 2230 1484 2285 rocem-:7¹3

221 2320 277 2372 (v.
309 2326 365 2362 et.
398 2320 531 2361 Dion.
565 2320 877 2375 Chrysostom.
909 2320 1034 2362 Orat.
1060 2324 1125 2371 64.
1157 2320 1183 2361 i.
1208 2319 1235 2360 f.
1260 2334 1302 2372 p.
1332 2322 1411 2371 598
1443 2320 1485 2359 D

221 2416 265 2448 et
298 2408 558 2451 Philostrat.
584 2410 730 2463 Imag.
754 2410 811 2458 II,
842 2425 902 2458 12,
926 2424 967 2463 p.
995 2410 1106 2462 830).
1143 2434 1197 2438 -—

1231 2479 1272 2516 8*
