2042 3070
700 447 770 465 eas-
818 432 871 470 ‘25
919 448 988 466 rav-⁶

304 547 586 588 Archelaum
609 561 791 601 quoque
814 550 998 601 poetam
1023 551 1106 589 has
1138 552 1335 591 carmine
1361 554 1478 592 cele-

212 638 390 684 brasse,
431 636 579 676 Varro
618 637 681 677 ita
719 637 850 677 nobis
884 639 1023 679 tradit
1057 639 1130 692 (R.
1151 639 1210 679 R.
1229 641 1307 689 111,
1333 645 1393 689 16,
1414 642 1476 694 4):

212 725 424 772 ,Primum
458 739 571 778 apes
603 733 850 766 nascuntur
880 727 1045 779 partim
1075 741 1134 767 ex
1167 729 1341 781 apibus,
1376 744 1477 783 par-

212 813 289 854 tim
313 827 373 865 ex
391 815 560 854 bubulo
585 828 776 867 corpore
799 815 1070 867 putrefacto.
1119 817 1281 870 Itaque
1300 818 1476 859 Arche-

211 903 311 942 laus
344 903 387 942 in
422 904 756 956 epigrammate
790 904 853 944 ait
886 918 965 944 eas
999 919 1122 945 esse:

268 1018 386 1068 ‚sss‘og
415 1019 619 1073 φθιμένης
648 1019 914 1074 πεποτημὲνα
945 1020 1086 1062 ‘eima'
1147 1025 1296 1065 Idem:

272 1107 430 1148 Ἵππων
461 1108 533 1163 μὲν
564 1112 723 1163 σφῆκες
753 1107 880 1164 γενεὰ
911 1111 1085 1165 μόσχων
1116 1111 1159 1151 δὲ
1189 1111 1416 1164 μέλισσαι’.

208 1243 478 1297 Ibidemque
502 1245 570 1297 (II,
597 1258 633 1296 5,
659 1246 698 1296 5)
717 1245 866 1286 Varro
890 1247 1018 1287 addit
1041 1248 1098 1287 de
1123 1261 1295 1300 graeco
1320 1262 1475 1288 earum

210 1333 391 1372 nomine
434 1334 572 1374 haec:
623 1348 702 1381 ‚ex
740 1335 828 1374 hoc
863 1336 1011 1386 (bove)
1055 1336 1312 1388 putrefacto
1351 1339 1477 1378 nasci

212 1422 498 1462 dulcissimas
521 1436 636 1475 apes
658 1423 805 1463 mellis
829 1430 1009 1472 matres,
1044 1439 1070 1464 a
1093 1439 1182 1478 quo
1208 1440 1287 1465 eas
1311 1425 1478 1466 Graeci

213 1508 418 1565 βουγὸνας
451 1513 698 1565 appellant,
732 1512 856 1565 (scio)
877 1546 884 1553 .
905 1546 912 1553 .
934 1512 955 1552 .’

300 1600 435 1640 Hunc
458 1614 568 1640 vero
591 1601 741 1640 locum
761 1601 982 1642 Archelai
1005 1603 1197 1643 Ursinus
1221 1604 1289 1643 vir
1313 1605 1476 1644 doctis-

213 1690 352 1730 simus
386 1691 460 1742 (ad
483 1690 614 1730 Varr.
639 1690 664 1729 1.
683 1690 724 1742 l.)
754 1691 998 1738 Nicandro,
1034 1693 1222 1732 secundi
1256 1707 1295 1733 a.
1315 1693 1416 1733 Chr.
1437 1708 1476 1733 n.

215 1780 385 1820 saeculi
409 1780 590 1832 poetae,
624 1779 851 1819 ascribere
880 1780 1037 1820 maluit
1056 1788 1247 1833 propter
1279 1781 1477 1821 similitu-

214 1869 364 1908 dinem
396 1882 555 1908 Versus
586 1868 792 1908 eiusdem
823 1869 1022 1908 auctoris
1046 1869 1268 1921 (Theriac.
1293 1870 1416 1922 471):

297 1955 435 2005 ζἸπποι
464 1953 550 2010 γὰρ
589 1959 764 2010 σφηκῶν
795 1955 953 2010 ’γένεσις
989 1960 1142 2010 ταῠρσς
1172 1955 1217 1996 δὲ
1245 1956 1478 2009 μελισσῶν]

214 2044 269 2097 (V.
294 2051 352 2084 et.
376 2044 564 2084 Anthol.
587 2058 653 2097 gr.
680 2045 711 2094 I,
734 2059 777 2098 p.
803 2045 880 2085 126
911 2046 980 2084 ed.
1004 2045 1183 2084 Kiister
1219 2051 1265 2084 et
1295 2043 1478 2097 Simpli-

214 2134 332 2174 cium
372 2135 431 2173 ad
463 2133 697 2174 Aristotel.
734 2135 874 2187 Phys.
907 2134 988 2185 52).
1059 2133 1110 2173 In
1150 2146 1285 2173 versu
1325 2142 1478 2173 autem

214 2223 433 2263 Archelai
467 2236 579 2275 apes
613 2236 703 2262 non
736 2236 797 2262 ex
828 2225 961 2270 bove,
998 2231 1046 2263 ut
1078 2223 1220 2274 vulgo
1253 2223 1478 2274 putaban-

213 2318 284 2352 tur
317 2311 373 2365 (v.
397 2311 698 2364 Magerstedt.
722 2326 764 2365 p.
791 2311 874 2363 17),
909 2311 992 2351 sed
1025 2325 1080 2351 ex
1112 2311 1254 2350 vitula
1286 2324 1478 2350 nascun-

213 2406 306 2441 tur:
356 2407 513 2441 contra
545 2401 777 2441 Nicander
817 2413 1103 2441 communem
1135 2405 1342 2440 veterum
1382 2400 1478 2454 opi-
