2042 3070
988 440 1278 483 ,ιμιιεμειβ

588 561 690 616 Quo
724 564 781 603 de
814 568 1028 616 portento
1051 562 1266 603 Lucanus
1299 560 1685 614 (V11‚›151-164)
1720 569 1765 602 et

498 652 744 706 Appianus
793 652 850 705 (d.
879 652 985 692 bell.
1016 651 1100 692 civ,
1131 652 1186 699 II,
1214 654 1310 704 232)
1359 660 1403 692 et
1451 651 1540 691 Dio
1581 650 1765 691 Cassius

499 742 641 795 (XLI,
665 742 736 794 61)
771 748 816 781 et
848 739 1123 794 Obsequens
1158 743 1210 794 (c.
1242 742 1337 793 125)
1372 740 1630 793 comparari
1661 753 1765 793 pos-

501 839 616 873 sunt.
681 829 770 883 Qui
810 836 1021 871 auctores
1061 831 1189 871 varia
1222 830 1408 883 quidem
1448 829 1663 883 prodigia
1694 829 1766 868 his

497 921 610 961 locis
640 928 1000 962 commemorant
1039 934 1188 973 neque
1219 933 1329 960 vero
1363 933 1562 972 unquam
1592 918 1766 959 exami-

498 1010 568 1050 nis
601 1010 755 1064 apium
789 1009 1128 1051 obliviscuntur.
1166 1034 1218 1039 —

588 1098 804 1140 Ceterum
842 1100 929 1140 hoc
964 1113 1081 1140 anno
1119 1114 1176 1139 ne
1209 1099 1363 1158 Roma
1396 1099 1581 1152 quidem
1614 1098 1767 1150 quieta

498 1188 601 1236 fuit,
651 1189 733 1229 sed
774 1190 917 1230 multa
956 1202 1010 1229 ac
1049 1202 1222 1242 magna
1260 1189 1381 1228 mala
1421 1188 1462 1228 ei
1502 1192 1766 1228 evenerunt.

500 1279 554 1319 Id
588 1280 710 1332 quod
747 1280 984 1332 complura
1023 1279 1174 1319 omina
1205 1279 1549 1332 portenderunt,
1582 1290 1643 1317 ex
1674 1275 1768 1329 qui-

499 1370 585 1408 bus
618 1369 741 1422 apud
774 1368 973 1409 Dionem
1007 1367 1216 1409 Cassium
1256 1367 1532 1408 enumeratis
1564 1367 1652 1406 hoc
1691 1365 1768 1404 eli-

499 1472 613 1511 gere
641 1459 852 1499 volumus
880 1458 1046 1511 (XLII,
1074 1459 1163 1510 26):
1201 1454 1374 1510 ,Ἐκεῖηρ
1405 1468 1451 1495 τε
1480 1451 1566 1509 γὰρ
1596 1454 1659 1506 τῷ
1687 1451 1769 1493 ἔτει

499 1546 753 1587 τελευτῶντι
799 1542 919 1587 ἄλλα
962 1559 1009 1586 τε
1049 1543 1220 1600 συνέβη,
1270 1544 1346 1585 καὶ
1389 1543 1589 1598 μέλισσαι
1628 1540 1670 1583 ἐν
1709 1544 1772 1595 τῷ

501 1617 757 1686 Καπιτωλίῳ
778 1632 867 1687 περὶ
886 1632 957 1673 τὸν
978 1631 1198 1687 Ἡρακλέα
1220 1630 1453 1686 ἱδρύθησαν
1468 1664 1476 1672 .
1489 1664 1497 1671 .
1510 1633 1529 1671 .'
1548 1657 1591 1660 ——
1609 1633 1768 1686 Atque

499 1724 621 1764 idem
661 1731 821 1764 auctor
854 1723 961 1764 alibi
993 1723 1056 1765 ait
1089 1723 1299 1776 (XLVII,
1324 1724 1363 1775 2)
1395 1720 1454 1771 ,έν
1483 1725 1567 1772 τοῖς
1596 1720 1769 1774 Ἀσιλη-

499 1812 635 1863 πιείσις
663 1814 874 1866 (Romae)
910 1811 1110 1866 μέλισσαι
1141 1809 1181 1862 ἐς
1210 1810 1286 1866 τὴν
1318 1807 1455 1864 ἄκραν
1485 1807 1642 1850 πσλλαὶ
1676 1821 1769 1849 συν-

500 1899 800 1956 expetentem.
847 1902 980 1956 Quod
1003 1904 1266 1957 prodigium
1285 1903 1350 1943 AO
1369 1902 1529 1943 XLIII
1551 1916 1588 1942 a.
1605 1899 1709 1942 Chr.
1728 1914 1769 1941 n.

500 1993 648 2033 visum
707 2006 904 2046 magnas
965 1993 1253 2033 calamitates
1311 1992 1568 2046 portendit;
1632 1998 1773 2043 atque

499 2084 637 2136 paulo
670 2089 776 2136 post
805 2081 1087 2123 Octavianus
1121 2090 1166 2123 et
1194 2073 1454 2123 Antoninus
1488 2088 1533 2121 et
1565 2080 1770 2133 Lepidus

501 2172 704 2212 secundo
727 2171 1013 2212 triumviratu
1030 2172 1212 2212 Romae
1234 2178 1409 2212 tantam
1434 2171 1625 2211 caedem
1648 2168 1769 2209 fece-

500 2268 620 2308 runt,
659 2268 708 2300 ut
739 2261 828 2301 Dio
863 2261 964 2314 (1.1.)
999 2262 1254 2302 exclamet:
1295 2259 1387 2309 ,καί
1416 2255 1443 2311 ἡ
1473 2257 1588 2308 πόλις
1619 2253 1771 2297 ἅπασα

499 2351 652 2402 νεκρῶν
681 2345 935 2403 ἐπληρώθηί
968 2374 1020 2377 -
1051 2351 1200 2391 Etiam
1223 2350 1284 2391 M.
1308 2350 1456 2390 Tullio
1480 2348 1688 2390 Ciceroni
1712 2348 1770 2387 ab

499 2440 586 2479 illis
626 2440 885 2493 proscripto
926 2441 1012 2480 hoc
1055 2440 1208 2492 apium
1249 2453 1447 2480 examen
1488 2438 1634 2478 dirum
1668 2450 1770 2490 por-
