2042 3070
899 446 1216 487 *⁴148ss

514 564 616 604 Hoc
654 564 789 604 modo
821 564 893 605 ille
926 564 1033 612 mel,
1073 564 1195 616 quod
1228 562 1374 616 primo
1412 562 1498 602 diis
1530 562 1685 615 displi-

427 653 574 694 cuisse
607 652 811 701 videtur,
848 653 893 693 in
925 654 1144 693 honorem
1177 652 1372 693 reduxit.
1434 652 1564 699 Nam,
1598 651 1687 692 mel

426 743 533 783 olim
550 743 655 782 vino
680 742 725 782 in
749 741 994 783 certamine
1012 740 1215 781 Aristaei
1239 754 1340 781 cum
1358 740 1545 781 Baccho
1566 739 1687 781 facto

428 831 636 880 cessisse,
654 831 844 872 Nonnus
863 831 1069 886 (Dionys.
1089 830 1220 878 XIII,
1242 833 1469 881 258——279
1489 835 1535 869 et
1550 828 1686 876 XIX,

431 919 674 973 228—260)
699 920 930 961 describit.
981 920 1108 960 Deos
1131 919 1264 966 enim,
1294 917 1553 959 certaminis
1575 917 1687 958 iudi-

428 1023 522 1058 ces,
560 1009 715 1050 vinum
754 1016 897 1050 totum
936 1022 1020 1062 per
1059 1008 1179 1049 diem
1216 1008 1410 1049 libenter
1441 1006 1688 1061 potavisse,

429 1097 573 1138 mellis
595 1110 705 1138 vero
739 1097 794 1151 (v.
823 1097 867 1137 in
894 1097 975 1138 litt.
1000 1103 1141 1140 sanct.
1165 1097 1263 1137 libr.
1286 1096 1505 1137 Proverb.
1527 1095 1687 1144 XXV,

436 1190 506 1228 16:
556 1186 652 1240 ‚qui
684 1186 774 1227 mel
806 1187 996 1227 multum
1029 1186 1242 1235 comedit,
1286 1165 1376 1226 non
1416 1184 1456 1226 ei
1486 1183 1688 1237 bonum’)

429 1275 689 1315 satietatem
721 1274 1043 1328 fastidiumque
1076 1287 1185 1315 mox
1218 1274 1410 1327 cepisse,
1444 1274 1583 1327 poeta
1614 1273 1689 1313 ille

430 1363 568 1404 refert
601 1371 646 1404 et
673 1364 794 1404 hunc
825 1362 961 1403 finem
989 1363 1173 1404 fabulae
1195 1362 1303 1403 fecit
1336 1362 1483 1415 (XIII,
1511 1361 1630 1414 276):

484 1449 593 1501 ,Ζεὺς
623 1449 667 1491 δὲ
695 1447 1090 1505 μελιρραθοίμιγγος,
1117 1446 1324 1504 ἐθάμβεον
1357 1447 1464 1504 ἔργα
1490 1447 1691 1503 μελίσσης

483 1535 718 1591 Δαιδαλέην
746 1538 784 1576 τ’
816 1532 944 1577 ὠδῖνα
974 1535 1231 1590 φιλοσμήνου
1261 1538 1459 1585 τοκετοῖο,

485 1624 623 1677 Δῶρον
652 1622 918 1677 Ἀρισταίοιο·
947 1622 1023 1664 καὶ
1053 1621 1257 1678 οἰνοχὺτῳ
1286 1622 1468 1676 Διονύσῳ

479 1708 648 1750 ’Ώποισε
675 1708 908 1750 λυσιπόνοιο
937 1708 1073 1764 φέρων
1102 1706 1354 1763 πρωτοίγριοι
1382 1706 1515 1762 νίκης]

431 1807 488 1858 (V.
511 1805 685 1846 Nitsch.
715 1807 741 1846 l.
765 1806 793 1846 1.
823 1805 867 1846 II
899 1820 942 1859 p.
969 1807 1066 1858 316)
1101 1805 1365 1846 Aristaeum
1403 1811 1585 1846 veteres
1626 1804 1691 1845 di-

429 1893 535 1934 vino
575 1895 748 1935 honore
789 1894 985 1947 primum
1024 1893 1146 1935 Ceae
1187 1895 1232 1934 in
1270 1894 1416 1935 insula
1457 1895 1691 1934 coluerunt
1734 1899 1751 1909 ¹

432 1996 485 2022 ac
510 1995 611 2023 cum
633 1982 744 2023 Iove
767 1988 812 2023 et
833 1982 1051 2036 Apolline
1082 1983 1267 2037 saepius
1296 1988 1691 2036 comparaverunt.
1737 2022 1744 2025 ,

433 2071 487 2125 (v.
512 2071 696 2113 Pindar.
725 2072 861 2126 Pyth.
886 2072 970 2120 IX,
996 2075 1243 2120 112—116;
1291 2071 1415 2112 Voss
1456 2073 1516 2112 ad
1546 2071 1690 2124 Verg.

433 2159 603 2214 Georg.
627 2174 671 2214 p,
694 2174 759 2213 53.
781 2166 886 2212 84o;
920 2161 1108 2202 Diodor.
1133 2161 1221 2203 Sic.
1245 2161 1314 2201 IV
1330 2161 1356 2201 i.
1371 2160 1420 2209 f.;
1455 2158 1610 2201 Schol.
1633 2160 1694 2200 ad

433 2248 649 2302 Apollon.
672 2250 828 2291 Rhod.
851 2250 906 2299 II,
932 2254 1039 2304 498;
1072 2250 1403 2304 Athenagoras
1435 2249 1585 2302 suppl.
1608 2261 1692 2302 pro

436 2335 702 2379 Christianis
735 2340 804 2379 ed.
834 2339 883 2379 L.
907 2339 1033 2380 Paul.
1062 2339 1193 2379 Halis
1229 2342 1336 2391 1856
1367 2352 1402 2379 c.
1425 2337 1536 2387 XII,
1569 2351 1612 2390 p.
1638 2350 1690 2388 42

434 2426 459 2467 i.
477 2426 505 2467 f.
516 2441 524 2475 ;
559 2434 603 2468 et
637 2425 843 2469 Creuzer.
870 2426 1027 2481 Symb.
1050 2428 1128 2475 IV,
1154 2427 1265 2480 350).
