2042 3070
713 444 1001 484 *91ss

231 563 431 602 nondum
451 566 843 609 commemoratur,
868 569 912 602 et
935 562 1046 602 alias
1064 560 1241 601 fabulas
1258 561 1421 601 hac'de
1444 573 1491 600 re

232 651 450 691 collectas
488 652 611 704 apud
644 651 839 692 Cerdam
877 652 935 691 ad
964 650 1107 703 Verg.
1126 648 1296 704 Georg.
1315 665 1358 703 p.
1379 650 1491 701 469).

231 739 379 793 Quam
418 741 462 780 in
500 740 692 781 insulam
730 740 887 788 Rhea,
927 753 984 780 ne
1023 738 1245 781 Saturnus
1279 764 1331 767 —
1365 744 1414 779 ut
1452 738 1493 778 ei

233 836 331 870 erat
368 843 466 870 mos
498 854 555 858 —-
586 829 772 871 filiolum
806 830 1065 877 devoraret,
1105 829 1261 869 Iovem
1302 828 1494 868 deduxit

231 918 429 972 fideique
452 918 666 960 Curetum
690 920 745 972 (v.
768 919 945 960 Nitsch.
964 919 1109 972 Myth.
1127 918 1359 959 WVorterb.
1385 932 1417 958 s.
1436 917 1492 969 n.)

232 1007 471 1056 commisit,
513 1009 588 1061 qui
621 1008 770 1048 sonitu
803 1008 1116 1061 cymbalorum
1151 1008 1206 1060 (V.
1231 1007 1411 1047 Lucret.
1439 1005 1492 1053 II,

233 1101 339 1149 633;
364 1098 506 1151 Verg.
525 1096 694 1150 Georg.
718 1096 795 1144 IV,
821 1097 913 1150 151)
948 1103 993 1136 et
1025 1096 1207 1136 infantis
1230 1109 1405 1142 vocem,
1436 1108 1494 1135 ne

233 1185 455 1228 Saturnus
494 1186 690 1234 audiret,
731 1186 1028 1226 extinxerunt
1061 1194 1105 1226 et
1138 1199 1250 1239 apes
1281 1185 1493 1231 nutrices,

232 1289 426 1329 quarum.
455 1276 512 1315 de
546 1275 702 1315 auditu
734 1274 850 1315 infra
883 1275 1179 1323 disseremus,
1221 1274 1492 1314 allexerunt.

319 1364 418 1404 Has
452 1378 576 1417 apes,
610 1378 728 1417 quae
760 1365 897 1404 mella
929 1365 973 1404 in
1006 1378 1057 1404 os
1090 1364 1213 1404 Iovis
1247 1376 1493 1416 congesse-

232 1459 345 1501 runt,
369 1453 596 1506 Didymus
620 1453 750 1506 quasi
773 1453 972 1493 humana
994 1454 1150 1506 specie
1173 1453 1327 1493 induit.
1377 1453 1493 1492 Nam

233 1542 289 1582 de
322 1541 512 1582 Melissa
551 1542 628 1582 illa
668 1556 807 1595 supra
838 1543 1025 1583 laudata
1057 1542 1323 1583 Lactantius
1357 1555 1381 1580 e
1415 1541 1493 1581 Di·

232 1631 371 1684 dymo
410 1631 527 1670 haec
567 1631 719 1670 hausit
763 1631 913 1683 (instit.
944 1630 976 1678 I,
1010 1631 1100 1682 22):
1158 1631 1403 1684 ‚Didymus
1451 1630 1494 1669 in

230 1719 357 1759 libris
388 1715 629 1774 ἐξηγήσεως
660 1717 909 1772 Πινδαρικῆς
940 1720 1022 1760 ait:
1062 1719 1278 1760 Melissea
1311 1718 1494 1759 Creten-

232 1808 346 1848 sium
394 1821 555 1861 regem
596 1808 790 1860 primum
837 1808 922 1848 diis
971 1807 1253 1849 sacrificasse
1293 1822 1346 1848 ac
1385 1808 1495 1848 ritus

231 1910 376 1937 novos
400 1910 725 1950 sacrorumque
748 1910 944 1951 pompas
973 1897 1294 1939 introduxisse.
1348 1897 1495 1937 Huius

233 1987 347 2026 duas
375 1984 514 2025 fuisse
539 1984 666 2034 filias,
699 1986 997 2027 Amaltheam
1028 1995 1074 2028 et
1094 1987 1342 2034 Melissam,
1377 2000 1495 2039 quae

232 2075 604 2127 Iovemrpuerum
635 2076 822 2128 caprino
845 2076 965 2116 lacte
998 2090 1051 2116 ac
1074 2076 1208 2116 melle
1232 2076 1494 2122 nutrierunt,

232 2163 353 2203 unde
394 2163 578 2215 poetica
624 2164 701 2204 illa
744 2164 898 2204 fabula
943 2165 1167 2217 originem
1206 2171 1371 2213 sumat,
1418 2166 1496 2205 ad-

234 2253 416 2292 volasse
456 2266 569 2305 apes
611 2259 748 2306 atque
789 2266 840 2293 os
882 2253 1012 2306 pueri
1052 2254 1187 2293 melle
1227 2254 1496 2306 complesse,

233 2341 469 2381 Melissam
493 2354 604 2381 vero
628 2354 655 2381 a
677 2348 808 2394 patre
831 2342 1025 2395 primam
1049 2343 1337 2383 sacerdotem
1360 2341 1497 2381 Matri

234 2430 437 2484 Magnae
462 2430 766 2479 constitutam,
789 2432 910 2472 unde
934 2432 1084 2472 adhuc
1109 2431 1313 2472 eiusdem
1338 2430 1497 2473 Matris
