2042 3070
996 440 1284 479 Ρ,μιιιιψ

507 570 545 597 a.
566 556 668 597 Chr.
686 556 743 609 n.)
779 555 979 597 Siciliam
1012 558 1258 611 occupavit
1291 564 1336 598 et
1365 572 1392 598 a
1413 558 1637 613 Dionysio
1663 573 1771 613 poe-

506 660 589 685 nas
629 645 812 698 petivit,
855 652 1009 687 tamen
1047 660 1156 688 mox
1194 661 1221 687 a
1258 647 1438 688 fortuna
1477 648 1686 689 desertus
1728 656 1773 689 et

505 742 611 788 post
650 748 844 788 regnum
883 736 1026 777 breve
1065 737 1467 790 turbulentumque
1507 737 1773 779 interfectus

508 832 578 865 est
611 824 666 877 (v.
690 824 825 865 Dion.
849 838 886 866 c.
907 825 987 878 57).
1026 849 1078 854 —-

596 913 664 954 Ita
696 914 853 955 Livius
892 915 949 955 de
983 928 1142 968 pugna
1179 915 1381 968 equestri
1419 929 1446 956 a
1479 914 1695 969 Scipione
1729 924 1775 957 et

506 1003 766 1044 Hannibale
808 1002 887 1057 (A0
908 1001 1149 1044 CCXVIII
1188 1018 1226 1044 a.
1246 1003 1348 1045 Chr.
1369 1004 1426 1056 n.)
1470 1005 1529 1045 ad
1568 1004 1774 1046 Ticinum

509 1092 753 1133 commissa
785 1093 901 1133 haec
933 1092 1072 1133 tradit
1105 1092 1255 1144 (XXI,
1279 1092 1376 1156 iffi:

599 1182 752 1236 ‚Apud
770 1182 1011 1223 Romanos
1027 1183 1386 1236 haudquaquam
1409 1190 1538 1223 tanta
1560 1183 1775 1224 alacritas

508 1278 617 1321 erat,
651 1285 789 1325 super
812 1278 967 1312 cetera
987 1272 1251 1312 recentibus
1284 1272 1422 1313 etiam
1456 1272 1638 1314 territos
1670 1286 1774 1326 pro·

509 1361 670 1415 digiis:
710 1374 816 1402 nam
837 1393 845 1401 .
865 1394 873 1402 .
895 1393 933 1403 ..
968 1375 1165 1402 examen
1198 1376 1335 1416 apum
1368 1362 1413 1402 in
1446 1363 1610 1403 arbore
1642 1375 1774 1416 prae-

510 1450 626 1491 torio
659 1446 938 1491 imminente·
959 1452 1264 1492 consederat'.
1290 1477 1342 1480 —
1367 1450 1631 1505 Scipionem
1665 1465 1775 1492 vero

507 1540 703 1594 posthac
731 1540 1019 1581 vulneratum
1049 1541 1312 1594 victumque
1346 1554 1449 1581 esse
1488 1542 1613 1582 haud
1644 1543 1775 1595 igno-

506 1638 601 1671 tum
635 1638 716 1671 est.
747 1653 802 1658 —

597 1718 756 1760 Simile
802 1719 1064 1773 prodigium
1112 1719 1352 1770 Flaminio,
1400 1727 1647 1774 antequam
1693 1733 1774 1773 pu-

508 1822 647 1862 gnam
698 1822 800 1849 cum
837 1808 1098 1849 Hannibale
1147 1810 1205 1849 ad
1244 1809 1578 1849 Trasumenum
1625 1809 1775 1849 lacum

508 1897 587 1951 (A0
617 1896 834 1939 CCXVII
872 1912 909 1938 a.
938 1897 1040 1939 Chr.
1065 1898 1122 1951 n.)
1175 1899 1497 1946 committeret,
1547 1871 1773 1952 apparuit.

507 1986 610 2039 Qua
633 1988 690 2027 de
712 2000 762 2026 re
784 1986 947 2027 Florus
981 1987 1068 2040 (ed.
1093 1987 1232 2028 Halm
1254 1988 1308 2037 II,
1334 1991 1372 2037 ὁ,
1396 1988 1483 2040 14):
1518 1987 1773 2036 ,Imminena

506 2077 631 2123 tem‘,
669 2075 830 2129 inquit,
870 2077 1132 2123 ‚temerario
1167 2077 1270 2118 duci
1304 2076 1775 2131 (Flaminio).cladem

508 2165 838 2219 praedixerant
866 2164 1109 2205 insidentia
1143 2163 1286 2217 signis
1319 2161 1545 2203 examina’
1663 2186 1714 2191 -—

597 2254 735 2294 Anno
769 2254 978 2307 sequenti
1011 2254 1060 2294 L.
1089 2252 1314 2293 Aemilius
1340 2252 1526 2293 Paullus
1560 2258 1605 2292 et
1626 2251 1775 2292 Varro

509 2345 567 2384 ab
595 2343 856 2384 Hannibale
889 2343 1054 2396 ingens
1088 2342 1409 2383 detrimentum
1443 2341 1566 2395 apud
1595 2340 1777 2382 Cannas

510 2440 802 2484 acceperunt,
832 2432 953 2485 quod
975 2431 1124 2485 ipsum
1148 2445 1329 2485 quoque
1352 2444 1465 2484 apes
1488 2430 1777 2483 praenuntia-

2032 1472 2042 1507 i

2031 1510 2042 1614 ἒ

2035 1620 2042 1647 l
