2042 3070
764 449 1052 488 *69ss

278 566 418 607 simae
459 566 619 607 tertiae
659 566 860 620 reliquiis
900 567 1105 608 eiusdem
1138 569 1336 608 auctoris
1369 570 1538 610 mentio

274 655 397 697 facta
430 663 511 696 est.

362 744 447 785 His
495 744 607 785 locis
652 744 846 798 primum
891 757 1003 797 apes
1044 744 1279 785 Musarum
1328 747 1539 799 symbola

274 834 516 887 cultusque
547 832 762 874 fautrices
796 847 897 874 esse
932 834 1269 887 cognoscimus,
1308 849 1445 889 quam
1479 837 1538 876 ad

273 935 368 962 rem
400 922 516 963 infra
548 924 733 975 saepius
765 929 1063 964 revertemur.
1100 948 1150 952 -

360 1011 774 1053 VVinckelmannus
823 1020 975 1053 autem
1026 1013 1096 1053 his
1147 1014 1355 1054 omnibus
1401 1015 1539 1054 rebus

272 1109 508 1153 permotus
531 1102 588 1141 de
612 1101 788 1154 apibus,
814 1114 932 1154 quae
954 1101 999 1142 in
1020 1102 1214 1142 nummis
1238 1103 1434 1156 antiquis
1458 1116 1537 1143 ex-

273 1197 407 1237 stant,
439 1192 556 1231 haec
590 1191 653 1231 ait
685 1190 912 1243 (Versuch
945 1191 1070 1231 einer
1092 1190 1336 1245 Allegorie
1370 1195 1387 1241 ξ
1418 1191 1536 1254 1o7):

364 1280 596 1328 ‚Colonien
629 1280 729 1320 sind
761 1279 842 1321 auf
859 1280 1057 1321 Miinzen
1087 1281 1231 1322 durch
1265 1282 1365 1322 eine
1393 1282 1537 1322 Biene

272 1369 553 1423 abgebildet,
587 1370 690 1410 weil
719 1369 791 1410 die
815 1370 1002 1418 Bienen,
1036 1384 1169 1411 wenn
1201 1372 1283 1412 der
1306 1370 1452 1413 Stock
1484 1386 1538 1412 zu

271 1460 399 1501 stark
430 1458 499 1508 ist,
533 1459 607 1499 die
638 1459 974 1513 iiberfiiissigen
1008 1460 1326 1509 ausschicken‚
1366 1474 1416 1501 so
1449 1461 1536 1501 wie

272 1550 391 1590 nach
431 1549 537 1588 dem
569 1548 792 1589 Aelianus
835 1548 909 1589 die
947 1549 1246 1590 volkreichen
1280 1547 1443 1590 Stadte
1482 1563 1537 1589 zu

273 1639 384 1679 thun
417 1637 678 1692 pfiegeten.'

364 1726 514 1780 Quam
536 1733 725 1780 propter
754 1727 901 1781 ipsam
936 1740 1122 1768 causam
1153 1728 1324 1768 nummi
1346 1727 1538 1782 Ephesii

273 1841 322 1846 -
359 1816 574 1870 Ephesus
617 1816 736 1856 enim
779 1817 957 1858 colonia
999 1824 1096 1858 erat
1138 1818 1196 1857 ab
1239 1816 1535 1858 Atheniensi-

269 1908 356 1947 bus
394 1906 439 1946 in
477 1906 607 1947 Ionia
645 1907 869 1947 collocata
904 1930 954 1935 —
996 1920 1023 1947 a
1054 1906 1273 1960 Pignorio
1314 1904 1535 1960 (Symbol.

269 1996 460 2050 Epistol.
488 1995 555 2048 28)
600 1997 660 2037 ad
698 1996 807 2036 illud
856 1995 1115 2050 symbolum
1156 1995 1362 2036 coloniae
1404 1996 1537 2037 relati

271 2091 400 2126 sunt:
462 2099 552 2139 qua
605 2085 661 2126 de
713 2085 1090 2138 interpretatione
1149 2085 1286 2131 infra,
1346 2085 1425 2125 ubi
1476 2086 1534 2126 de

272 2174 414 2216 sacris
451 2174 631 2215 Dianae
670 2175 942 2223 scribemus,
990 2175 1170 2228 planius
1219 2175 1535 2215 disserendum

271 2264 357 2305 erit
390 2263 446 2317 (v.
471 2271 528 2305 et.
549 2263 754 2305 Creuzer.
779 2262 936 2318 Symb.
955 2264 1001 2305 Π
1023 2278 1066 2318 p.
1090 2268 1184 2316 585,
1211 2267 1316 2316 586;
1339 2264 1418 2312 IV,
1438 2277 1534 2316 353,

271 2354 382 2406 358)-
415 2377 469 2382 -

356 2443 595 2496 Tanquam
650 2442 790 2496 igitur
844 2443 944 2496 apis
996 2456 1087 2483 non
1142 2443 1287 2483 solum
1344 2449 1535 2496 propter
