2042 3070
686 414 1003 455 *4113*-

300 531 358 572 Et
390 531 631 574 Lucretius
670 533 727 573 de
768 546 912 586 opera
944 546 1026 574 sua
1058 534 1333 575 carminibus
1366 536 1474 576 data

212 622 327 662 haec
360 622 423 663 ait
455 623 547 676 (ΙΠ,
573 622 660 676 11):

272 711 517 759 ,Floriferis
549 719 599 752 ut
630 726 742 766 apes
775 713 820 752 in
853 712 1042 753 saltibus
1076 713 1227 753 onmia
1259 713 1414 761 libant,

273 800 438 841 Omnia
469 815 553 842 nos
585 801 740 842 itidem
773 801 1064 854 depascimur
1097 815 1236 841 aurea
1269 802 1404 849 dicta,

271 890 442 938 Aurea,
476 898 702 943 perpetua
734 903 917 943 semper
949 889 1219 943 dignissima
1250 889 1370 930 vita.'

299 979 460 1032 Itaque
491 979 708 1020 Horatius
746 993 795 1019 se
832 979 981 1032 ipsum
1015 992 1116 1019 cum
1150 993 1238 1032 ape
1271 979 1341 1019 his
1374 993 1473 1019 ver-

211 1067 282 1108 bis
330 1075 569 1121 comparat
617 1068 717 1122 (Od.
748 1068 828 1117 IV,
860 1081 900 1116 2,
936 1068 1027 1120 27>2
1081 1100 1206 1115 .....
1219 1081 1327 1121 ego,
1376 1067 1475 1121 apis

211 1156 416 1198 Matinae
435 1189 558 1199 .....
592 1158 724 1198 More
756 1159 998 1211 modoque,

353 1245 497 1303 Grata
529 1247 759 1299 carpentis
792 1247 953 1300 thyma
985 1260 1067 1300 per
1099 1247 1303 1286 laborem

352 1335 612 1383 Plurimum,
646 1335 767 1376 circa
797 1349 957 1375 nemus
990 1335 1204 1388 uvidique

354 1424 533 1464 Tiburis
566 1425 689 1478 ripas
722 1438 919 1478 operosa
951 1438 1121 1478 parvus

424 1513 634 1554 Carmina
665 1512 818 1567 fingo‚'
849 1538 907 1544 —

212 1600 342 1653 Quae
377 1602 577 1642 carmina
609 1603 731 1643 idem
763 1603 872 1643 alibi
905 1604 1063 1657 (Epist.
1089 1603 1120 1651 Ι,
1151 1618 1212 1655 19,
1237 1606 1306 1655 44)
1346 1603 1474 1655 ‚poe-

211 1691 302 1731 tica
334 1690 489 1731 mella’
521 1691 735 1734 nominat.
798 1690 923 1744 Quas
957 1692 1324 1745 comparationes
1355 1691 1474 1731 Mar-

211 1781 333 1820 tialis
367 1782 427 1820 ad
459 1780 776 1834 Theophilam,
816 1779 929 1821 Cani
962 1782 1129 1834 poetae
1162 1793 1374 1831 uxorem,
1413 1779 1476 1819 ita

211 1869 387 1910 confert
420 1870 537 1923 (VII,
564 1870 655 1923 69):

272 1960 422 2008 ,Haec
451 1967 521 2000 est
549 1959 625 1998 illa
646 1958 729 1999 tibi
750 1957 975 2011 promissa
997 1945 1267 2010 Theophila,
1292 1955 1417 2001 Cani,

330 2047 467 2088 Cuius
501 2047 723 2101 Cecropio
754 2053 945 2100 pectora
976 2060 1078 2087 rore
1110 2045 1324 2088 madent.'

301 2137 514 2190 Denique
548 2136 824 2177 Claudianus
863 2138 1026 2190 poetas
1074 2136 1194 2189 ,pias
1235 2133 1366 2188 apes'
1405 2134 1476 2174 his

210 2227 420 2266 versibus
469 2232 606 2267 vocat
655 2226 767 2279 (laus
815 2239 962 2267 seren.
996 2238 1094 2278 reg,
1132 2238 1262 2265 uxor.
1298 2222 1473 2264 Stilich.

210 2329 251 2358 v.
278 2315 458 2369 Are—10):
493 2347 501 2356 .
522 2348 530 2356 .
550 2349 559 2357 .
579 2316 645 2369 (,si
673 2314 861 2356 floribus
894 2328 1028 2355 ornes
1048 2347 1056 2355 .
1077 2347 1085 2355 .
1105 2347 1113 2355 .
1134 2347 1143 2355 .

450 2405 668 2459 Reginae
687 2438 695 2446 .
715 2438 723 2446 .
744 2438 753 2446 .
788 2418 967 2446 comam
985 2437 994 2446 .
1013 2438 1021 2446 .
1044 2437 1070 2453 .,
1104 2403 1234 2457 quos>

583 2479 586 2481 ’
1221 2478 1240 2510 8
