2042 3070
688 435 1002 477 *1054-

209 553 285 594 vit.
351 552 486 594 Certe
526 554 710 607 quidem
750 553 982 607 Origines,
1032 554 1066 594 si
1108 554 1357 602 Athenaei,
1398 555 1472 608 qui

210 643 373 683 eodem
421 650 629 696 tempore
676 643 848 693 floruit,
897 645 1040 685 verba
1089 644 1324 696 (Deipnos.
1349 644 1471 692 VIII,

209 744 252 783 p.
279 745 299 782 3
309 731 374 783 52)
413 730 470 779 ,οἱ
499 727 714 785 ἄνθρωποι
749 728 922 785 ἥσσονες
958 731 1168 785 μελισσῶν
1202 730 1276 771 καὶ
1309 730 1475 786 πλήρεις

210 817 391 872 οἰήσεως,
423 817 478 871 ὡς
509 817 660 861 ἐκεῖναι
689 820 871 874 μέλιτος
910 824 1116 877 legisset,
1156 823 1293 863 etiam
1326 823 1474 876 magis

209 911 350 951 iratus
382 911 555 953 fuisset.

303 999 435 1053 Apes
457 1000 596 1054 igitur
625 1001 870 1055 sapientes,
899 1000 1135 1041 Musarum
1157 1001 1379 1048 volucres,
1403 1001 1476 1040 vel

217 1088 380 1129 Musae
423 1088 573 1142 ipsae,
615 1090 789 1142 pueris,
828 1095 877 1130 ut
909 1089 1171 1143 philosophi
1204 1090 1277 1129 Vel
1309 1090 1475 1142 poetae

213 1176 392 1227 fierent,
441 1179 531 1219 mel
576 1178 863 1232 eloquentiae
911 1178 1112 1231 artisque
1159 1178 1370 1231 poeticae
1411 1178 1475 1217 in-

212 1267 402 1313 stillare,
429 1269 719 1321 putabantur„
789 1265 1098 1319 Quamobrem
1145 1266 1340 1307 mellitas
1380 1267 1476 1307 alas

214 1356 486 1397 carminibus
530 1356 791 1396 tribuebant
836 1361 1004 1409 poetae
1048 1356 1187 1396 adlati
1231 1356 1288 1395 ab
1331 1355 1476 1395 Athe-

216 1458 343 1493 naeo,
377 1445 450 1498 qui
487 1445 721 1499 (Deipnos.
753 1444 886 1492 XIV,
912 1457 979 1497 33,
1007 1458 1050 1498 p.
1077 1444 1175 1498 633)
1208 1445 1323 1485 haec
1357 1458 1476 1485 com-

214 1541 458 1574 memorat:

299 1619 361 1670 ,Oi
389 1621 557 1675 ποιηταὶ
593 1621 799 1663 διετέλουν
829 1620 1198 1676 προςαγορεὺοντες
1234 1618 1366 1671 οὕτως
1401 1617 1480 1670 τὰς,

216 1706 345 1762 ᾠδάς·
386 1706 670 1763 γλυκυτάτων
699 1707 893 1762 πρύτανιν
923 1706 1059 1761 ὕμνων
1088 1706 1163 1748 καὶ
1193 1706 1325 1761 με’λεσ.
1367 1708 1479 1760 μελι-

215 1794 413 1849 πτέρωτα
450 1794 646 1836 Μουσᾶν]
693 1820 745 1823 —
795 1795 897 1848 Quo
946 1797 1081 1836 modo
1130 1792 1254 1847 με’λος
1299 1802 1343 1836 et
1387 1792 1481 1847 μέλι

217 1887 313 1926 sive
365 1886 506 1927 verbi
556 1886 891 1939 explanationis
946 1885 1042 1925 sive
1101 1885 1479 1926 annominationis

216 1980 356 2016 causa
388 1988 528 2028 saepe
562 1975 803 2016 coniuncta
834 1974 1102 2015 invenimus.

302 2064 464 2117 Itaque
496 2064 768 2105 Theocritus
801 2065 859 2104 de
891 2063 1074 2105 merulis
1114 2063 1272 2104 scribit
1304 2063 1476 2117 (Epigr.

214 2153 293 2201 IV,
318 2168 331 2193 1
346 2153 407 2205 2):

299 2239 565 2289 ,Μελπουσαι
604 2239 808 2294 στόμασιν
843 2235 923 2281 τὰν
961 2238 1186 2294 μελίγηρυν
1228 2237 1331 2279 ὄπα]
1392 2241 1480 2280 Ibi-

216 2331 412 2384 demque
446 2331 525 2384 (Id.
549 2331 672 2380 VIII,
698 2331 766 2384 83)
808 2331 1044 2384 caprarius
1077 2331 1311 2384 Daphnim
1350 2344 1480 2371 suum

216 2419 280 2459 ita
313 2418 556 2473 alloquitur
571 2434 578 2459 :
