2042 3070
965 444 1284 484 &140ss

550 557 617 608 Ὠς
647 554 698 598 ἄν
728 571 792 599 τοι
822 557 907 613 ρείῃ
938 558 1010 613 μὲν
1042 556 1108 601 ἀεὶ
1136 558 1264 614 γάνος
1293 561 1446 602 Ἀτθίδι
1476 560 1612 616 δέλτῳ

604 643 740 697 κηρὸς,
771 643 848 686 ὑπὸ
878 643 1097 700 στεφάνοις
1129 647 1160 687 δ’
1184 647 1262 688 αἰεὶ
1292 646 1394 702 ἔχῃς
1424 646 1687 703 πλοκάμους]
1707 673 1759 677 —

497 732 655 785 Atque
698 733 743 772 in
775 734 930 787 lapide
963 735 1079 775 Pisis
1120 736 1322 784 invento,
1363 736 1439 789 qui
1471 737 1577 777 olim
1611 737 1759 790 sepul-

496 834 621 861 crum
655 822 840 875 aliquod
875 825 1002 873 texit,
1035 826 1229 879 legimus
1263 825 1470 880 (v.Corp.
1494 827 1634 867 Inscr.
1658 826 1758 867 Lat.

502 925 622 962 1420,
644 925 686 952 V.
712 927 760 964 19
777 913 913 966 sqq.):

585 1000 795 1049 ‚Inferiae
825 1001 1060 1043 mittantur
1080 1005 1256 1057 bosque
1290 1012 1335 1044 et
1363 1003 1462 1043 ovis
1495 1004 1581 1044 atri
1611 1003 1762 1044 infulis

500 1091 694 1131 caerulis
727 1091 902 1131 infulati
935 1092 1020 1132 diis
1052 1092 1266 1132 Manibus
1298 1099 1555 1134 mactentur
1587 1106 1762 1146 eaeque

497 1181 677 1222 hostiae
703 1194 757 1221 eo
780 1181 882 1221 loco
906 1182 1178 1222 adoleantur
1200 1195 1428 1235 superque
1453 1196 1530 1222 eas
1553 1182 1763 1235 singulae

497 1284 639 1310 urnae
672 1271 817 1319 lactis,
856 1271 1014 1318 mellis,
1049 1271 1138 1310 olei
1169 1269 1439 1311 fundantur?
1464 1296 1512 1300 ——

585 1359 681 1401 Sed
701 1368 887 1414 praeter
909 1359 1141 1412 piaculum
1174 1360 1299 1412 apud
1332 1361 1594 1413 sepulturas
1627 1360 1764 1401 etiarn

497 1449 688 1490 aliorum
736 1463 968 1490 sacrorum
1013 1462 1152 1489 causa
1194 1450 1284 1489 mel
1331 1449 1377 1489 in
1424 1449 1587 1490 altaria
1628 1450 1765 1490 venit.

498 1537 601 1591 Qua
649 1540 706 1578 de
745 1552 794 1578 re
828 1538 978 1578 Varro
1027 1539 1100 1591 (R.
1119 1539 1178 1579 R.
1202 1539 1287 1586 III,
1322 1543 1390 1588 16,
1416 1540 1454 1591 5)
1495 1539 1581 1580 ait:
1632 1553 1766 1593 ‚opus

497 1627 670 1668 faciunt
703 1628 866 1681 (apes),
908 1629 1052 1681 quod,
1097 1628 1408 1668 dulcissimum
1441 1629 1564 1682 quod
1597 1637 1686 1680 est,
1722 1636 1766 1670 et

499 1717 585 1757 diis
634 1724 680 1758 et
726 1716 986 1757 hominibus
1035 1724 1105 1757 est
1151 1725 1414 1771 acceptum,
1463 1719 1586 1771 quod
1634 1717 1767 1758 favus

499 1807 626 1847 Venit
657 1807 703 1846 in
736 1807 898 1847 altaria
932 1814 977 1847 et
1009 1807 1099 1846 mel
1132 1807 1192 1846 ad
1223 1807 1448 1861 principia
1493 1806 1690 1848 convivii
1724 1814 1768 1846 et

500 1896 544 1935 in
594 1897 842 1937 secundam
891 1909 1096 1936 mensam
1147 1897 1499 1938 administratur.
1539 1920 1541 1923 -
1571 1896 1678 1949 (Mel
1726 1885 1769 1935 in

501 1987 662 2027 altaria
693 1987 928 2039 imponere
952 1985 1134 2026 Iudaeis
1168 1999 1258 2025 non
1289 1985 1427 2026 licuit.
1488 1999 1527 2026 V.
1553 1985 1652 2026 Lib.
1678 1985 1765 2025 Le-

502 2077 622 2116 vitic.
646 2076 702 2124 ΙΙ,
729 2091 790 2125 11,
815 2077 894 2128 12).
919 2101 975 2104 —

591 2165 726 2206 Certe
745 2166 930 2218 quidem
948 2166 1037 2205 mel
1057 2164 1307 2219 gratiarum
1327 2165 1611 2218 agendarum
1632 2176 1772 2204 causa

505 2255 695 2309 superis,
718 2255 888 2308 piaculi
907 2268 1047 2295 causa
1070 2254 1223 2294 inferis
1242 2254 1387 2294 libare
1412 2253 1632 2293 solebant.
1664 2250 1771 2303 Qui-

503 2347 588 2385 bus
622 2344 821 2392 accedit,
860 2351 909 2384 ut
943 2343 1254 2396 compluribus
1289 2343 1358 2382 dis
1391 2342 1659 2393 deabusque
1693 2340 1771 2380 ali-

505 2448 595 2487 quo
629 2435 764 2473 modo
798 2446 911 2484 apes
946 2441 989 2472 et
1024 2433 1109 2472 mol
1145 2433 1458 2472 attribuantur.
