<?xml version="1.0" encoding="UTF-8"?>
<!DOCTYPE html PUBLIC "-//W3C//DTD XHTML 1.0 Transitional//EN"
    "http://www.w3.org/TR/xhtml1/DTD/xhtml1-transitional.dtd">
<html xmlns="http://www.w3.org/1999/xhtml" xml:lang="en" lang="en">
 <head>
  <title>
</title>
<meta http-equiv="Content-Type" content="text/html;charset=utf-8" />
  <meta name='ocr-system' content='tesseract 3.04.00' />
  <meta name='ocr-capabilities' content='ocr_page ocr_carea ocr_par ocr_line ocrx_word'/>
</head>
<body>
  <div class='ocr_page' id='page_1' title='image "./deapiummellisqve00robeuoft_0133.png"; bbox 0 0 2042 3070; ppageno 0'>
   <div class='ocr_carea' id='block_1_1' title="bbox 663 412 981 451">
    <p class='ocr_par' dir='ltr' id='par_1_1' title="bbox 663 412 981 451">
     <span class='ocr_line' id='line_1_1' title="bbox 663 412 981 451; baseline 0 0"><span class='ocrx_word' id='word_1_1' title='bbox 663 412 981 451; x_wconf 35' lang='lat' dir='ltr'>&amp;⁴1:29ss</span> 
     </span>
    </p>
   </div>
   <div class='ocr_carea' id='block_1_2' title="bbox 188 530 1456 761">
    <p class='ocr_par' dir='ltr' id='par_1_2' title="bbox 188 530 1456 761">
     <span class='ocr_line' id='line_1_2' title="bbox 188 530 1456 585; baseline 0.005 -17"><span class='ocrx_word' id='word_1_2' title='bbox 188 537 455 582; x_wconf 88' lang='lat' dir='ltr'>putrescere</span> <span class='ocrx_word' id='word_1_3' title='bbox 506 542 700 582; x_wconf 88' lang='lat' dir='ltr'>corpora</span> <span class='ocrx_word' id='word_1_4' title='bbox 738 543 826 569; x_wconf 88' lang='lat' dir='ltr'>non</span> <span class='ocrx_word' id='word_1_5' title='bbox 868 530 1012 572; x_wconf 75' lang='lat' dir='ltr'>sinat.&#39;</span> <span class='ocrx_word' id='word_1_6' title='bbox 1083 532 1211 585; x_wconf 74' lang='lat' dir='ltr'>Quae</span> <span class='ocrx_word' id='word_1_7' title='bbox 1252 534 1456 575; x_wconf 87' lang='lat' dir='ltr'>similiter</span> 
     </span>
     <span class='ocr_line' id='line_1_3' title="bbox 190 618 1455 675; baseline 0.005 -17"><span class='ocrx_word' id='word_1_8' title='bbox 190 618 357 658; x_wconf 78' lang='lat' dir='ltr'>docent</span> <span class='ocrx_word' id='word_1_9' title='bbox 394 618 691 659; x_wconf 73' lang='lat' dir='ltr'>Dioscorides</span> <span class='ocrx_word' id='word_1_10' title='bbox 746 620 818 672; x_wconf 90' lang='lat' dir='ltr'>(de</span> <span class='ocrx_word' id='word_1_11' title='bbox 854 626 960 659; x_wconf 84' lang='lat' dir='ltr'>mat.</span> <span class='ocrx_word' id='word_1_12' title='bbox 996 621 1157 662; x_wconf 85' lang='lat' dir='ltr'>medic.</span> <span class='ocrx_word' id='word_1_13' title='bbox 1195 622 1257 669; x_wconf 88' lang='lat' dir='ltr'>H,</span> <span class='ocrx_word' id='word_1_14' title='bbox 1289 623 1358 675; x_wconf 75' lang='lat'>93)</span> <span class='ocrx_word' id='word_1_15' title='bbox 1412 632 1455 664; x_wconf 87' lang='lat' dir='ltr'>et</span> 
     </span>
     <span class='ocr_line' id='line_1_4' title="bbox 188 708 1104 761; baseline 0.002 -14"><span class='ocrx_word' id='word_1_16' title='bbox 188 708 472 761; x_wconf 76' lang='lat' dir='ltr'>Porphyrius</span> <span class='ocrx_word' id='word_1_17' title='bbox 507 709 580 761; x_wconf 89' lang='lat' dir='ltr'>(de</span> <span class='ocrx_word' id='word_1_18' title='bbox 603 708 732 749; x_wconf 83' lang='lat' dir='ltr'>Antr.</span> <span class='ocrx_word' id='word_1_19' title='bbox 759 708 811 748; x_wconf 90' lang='lat' dir='ltr'>N.</span> <span class='ocrx_word' id='word_1_20' title='bbox 837 723 872 750; x_wconf 92' lang='lat' dir='ltr'>c.</span> <span class='ocrx_word' id='word_1_21' title='bbox 894 709 1018 761; x_wconf 79' lang='lat' dir='ltr'>XV).</span> <span class='ocrx_word' id='word_1_22' title='bbox 1056 735 1104 737; x_wconf 31' lang='lat' dir='ltr'>-e</span> 
     </span>
    </p>
   </div>
   <div class='ocr_carea' id='block_1_3' title="bbox 187 814 1455 1141">
    <p class='ocr_par' dir='ltr' id='par_1_3' title="bbox 187 814 1455 1141">
     <span class='ocr_line' id='line_1_5' title="bbox 278 814 1454 868; baseline 0.003 -13"><span class='ocrx_word' id='word_1_23' title='bbox 278 814 588 868; x_wconf 74' lang='lat' dir='ltr'>Quamobrem</span> <span class='ocrx_word' id='word_1_24' title='bbox 618 816 782 856; x_wconf 82' lang='lat' dir='ltr'>divites</span> <span class='ocrx_word' id='word_1_25' title='bbox 812 827 1089 857; x_wconf 87' lang='lat' dir='ltr'>mortuorum</span> <span class='ocrx_word' id='word_1_26' title='bbox 1119 820 1454 859; x_wconf 77' lang='lat' dir='ltr'>conservando-</span> 
     </span>
     <span class='ocr_line' id='line_1_6' title="bbox 187 905 1454 960; baseline 0.003 -16"><span class='ocrx_word' id='word_1_27' title='bbox 187 918 286 944; x_wconf 90' lang='lat' dir='ltr'>rum</span> <span class='ocrx_word' id='word_1_28' title='bbox 304 918 444 945; x_wconf 87' lang='lat' dir='ltr'>causa</span> <span class='ocrx_word' id='word_1_29' title='bbox 460 905 596 945; x_wconf 88' lang='lat' dir='ltr'>melle</span> <span class='ocrx_word' id='word_1_30' title='bbox 616 906 674 945; x_wconf 86' lang='lat' dir='ltr'>ad</span> <span class='ocrx_word' id='word_1_31' title='bbox 690 906 970 958; x_wconf 70' lang='lat' dir='ltr'>sepulturam</span> <span class='ocrx_word' id='word_1_32' title='bbox 988 907 1244 947; x_wconf 87' lang='lat' dir='ltr'>utebantur.</span> <span class='ocrx_word' id='word_1_33' title='bbox 1274 907 1454 960; x_wconf 86' lang='lat' dir='ltr'>Paupe-</span> 
     </span>
     <span class='ocr_line' id='line_1_7' title="bbox 187 994 1454 1047; baseline 0.002 -14"><span class='ocrx_word' id='word_1_34' title='bbox 187 994 312 1033; x_wconf 81' lang='lat' dir='ltr'>ribus</span> <span class='ocrx_word' id='word_1_35' title='bbox 345 1007 454 1034; x_wconf 77' lang='lat' dir='ltr'>vero</span> <span class='ocrx_word' id='word_1_36' title='bbox 488 994 638 1047; x_wconf 86' lang='lat' dir='ltr'>aptius</span> <span class='ocrx_word' id='word_1_37' title='bbox 672 1001 780 1042; x_wconf 86' lang='lat' dir='ltr'>erat,</span> <span class='ocrx_word' id='word_1_38' title='bbox 814 1003 862 1035; x_wconf 87' lang='lat' dir='ltr'>ut</span> <span class='ocrx_word' id='word_1_39' title='bbox 896 1008 1090 1047; x_wconf 87' lang='lat' dir='ltr'>corpora</span> <span class='ocrx_word' id='word_1_40' title='bbox 1123 997 1454 1037; x_wconf 79' lang='lat' dir='ltr'>comburerent.</span> 
     </span>
     <span class='ocr_line' id='line_1_8' title="bbox 191 1084 1455 1141; baseline 0.001 -17"><span class='ocrx_word' id='word_1_41' title='bbox 191 1084 292 1137; x_wconf 75' lang='lat' dir='ltr'>Qua</span> <span class='ocrx_word' id='word_1_42' title='bbox 330 1085 387 1124; x_wconf 87' lang='lat' dir='ltr'>de</span> <span class='ocrx_word' id='word_1_43' title='bbox 420 1097 469 1124; x_wconf 92' lang='lat' dir='ltr'>re</span> <span class='ocrx_word' id='word_1_44' title='bbox 503 1084 724 1124; x_wconf 73' lang='lat' dir='ltr'>Varronis</span> <span class='ocrx_word' id='word_1_45' title='bbox 761 1084 911 1124; x_wconf 90' lang='lat' dir='ltr'>locum</span> <span class='ocrx_word' id='word_1_46' title='bbox 951 1086 1074 1138; x_wconf 88' lang='lat' dir='ltr'>apud</span> <span class='ocrx_word' id='word_1_47' title='bbox 1106 1085 1303 1125; x_wconf 74' lang='lat' dir='ltr'>Nonium</span> <span class='ocrx_word' id='word_1_48' title='bbox 1335 1085 1455 1141; x_wconf 83' lang='lat' dir='ltr'>Mar·</span> 
     </span>
    </p>
   </div>
   <div class='ocr_carea' id='block_1_4' title="bbox 188 1172 1452 1226">
    <p class='ocr_par' dir='ltr' id='par_1_4' title="bbox 188 1172 1452 1226">
     <span class='ocr_line' id='line_1_9' title="bbox 188 1172 1452 1226; baseline 0.002 -13"><span class='ocrx_word' id='word_1_49' title='bbox 188 1174 352 1214; x_wconf 87' lang='lat' dir='ltr'>cellum</span> <span class='ocrx_word' id='word_1_50' title='bbox 374 1173 572 1226; x_wconf 82' lang='lat' dir='ltr'>legimus</span> <span class='ocrx_word' id='word_1_51' title='bbox 597 1174 643 1225; x_wconf 83' lang='lat' dir='ltr'>(s.</span> <span class='ocrx_word' id='word_1_52' title='bbox 664 1173 828 1213; x_wconf 87' lang='lat' dir='ltr'>nomin.</span> <span class='ocrx_word' id='word_1_53' title='bbox 850 1172 1075 1226; x_wconf 82' lang='lat' dir='ltr'>‚Vulgus’.</span> <span class='ocrx_word' id='word_1_54' title='bbox 1099 1187 1141 1226; x_wconf 91' lang='lat' dir='ltr'>p.</span> <span class='ocrx_word' id='word_1_55' title='bbox 1160 1186 1253 1224; x_wconf 78' lang='lat'>230.</span> <span class='ocrx_word' id='word_1_56' title='bbox 1272 1187 1347 1224; x_wconf 80' lang='lat'>231</span> <span class='ocrx_word' id='word_1_57' title='bbox 1371 1173 1452 1215; x_wconf 86' lang='lat' dir='ltr'>M.:</span> 
     </span>
    </p>
   </div>
   <div class='ocr_carea' id='block_1_5' title="bbox 188 1280 1455 1600">
    <p class='ocr_par' dir='ltr' id='par_1_5' title="bbox 188 1280 1455 1600">
     <span class='ocr_line' id='line_1_10' title="bbox 278 1280 1455 1333; baseline -0.001 -12"><span class='ocrx_word' id='word_1_58' title='bbox 278 1313 305 1328; x_wconf 91' lang='lat'>‚.</span> <span class='ocrx_word' id='word_1_59' title='bbox 334 1313 342 1321; x_wconf 90' lang='lat'><strong>.</strong></span> <span class='ocrx_word' id='word_1_60' title='bbox 444 1280 716 1320; x_wconf 76' lang='lat' dir='ltr'>Heraclides</span> <span class='ocrx_word' id='word_1_61' title='bbox 762 1281 979 1321; x_wconf 89' lang='lat' dir='ltr'>Ponticus</span> <span class='ocrx_word' id='word_1_62' title='bbox 1032 1281 1136 1332; x_wconf 83' lang='lat' dir='ltr'>plus</span> <span class='ocrx_word' id='word_1_63' title='bbox 1185 1281 1325 1333; x_wconf 84' lang='lat' dir='ltr'>sapit,</span> <span class='ocrx_word' id='word_1_64' title='bbox 1380 1281 1455 1333; x_wconf 88' lang='lat' dir='ltr'>qui</span> 
     </span>
     <span class='ocr_line' id='line_1_11' title="bbox 188 1370 1454 1423; baseline 0 -14"><span class='ocrx_word' id='word_1_65' title='bbox 188 1370 438 1423; x_wconf 87' lang='lat' dir='ltr'>praecepit,</span> <span class='ocrx_word' id='word_1_66' title='bbox 479 1378 528 1410; x_wconf 93' lang='lat' dir='ltr'>ut</span> <span class='ocrx_word' id='word_1_67' title='bbox 562 1371 785 1422; x_wconf 81' lang='lat' dir='ltr'>(corpora)</span> <span class='ocrx_word' id='word_1_68' title='bbox 820 1371 1152 1417; x_wconf 84' lang='lat' dir='ltr'>comburerent,</span> <span class='ocrx_word' id='word_1_69' title='bbox 1192 1383 1329 1422; x_wconf 84' lang='lat' dir='ltr'>quam</span> <span class='ocrx_word' id='word_1_70' title='bbox 1362 1370 1454 1409; x_wconf 89' lang='lat' dir='ltr'>De-</span> 
     </span>
     <span class='ocr_line' id='line_1_12' title="bbox 188 1459 1455 1512; baseline -0.001 -13"><span class='ocrx_word' id='word_1_71' title='bbox 188 1460 417 1507; x_wconf 82' lang='lat' dir='ltr'>mocritus,</span> <span class='ocrx_word' id='word_1_72' title='bbox 441 1459 529 1512; x_wconf 82' lang='lat' dir='ltr'>qui,</span> <span class='ocrx_word' id='word_1_73' title='bbox 562 1468 610 1500; x_wconf 89' lang='lat' dir='ltr'>ut</span> <span class='ocrx_word' id='word_1_74' title='bbox 632 1460 768 1499; x_wconf 88' lang='lat' dir='ltr'>melle</span> <span class='ocrx_word' id='word_1_75' title='bbox 791 1467 1039 1507; x_wconf 70' lang='lat' dir='ltr'>servarent,</span> <span class='ocrx_word' id='word_1_76' title='bbox 1069 1473 1204 1512; x_wconf 85' lang='lat' dir='ltr'>quem</span> <span class='ocrx_word' id='word_1_77' title='bbox 1228 1460 1264 1499; x_wconf 87' lang='lat' dir='ltr'>si</span> <span class='ocrx_word' id='word_1_78' title='bbox 1287 1460 1455 1511; x_wconf 80' lang='lat' dir='ltr'>vulgus</span> 
     </span>
     <span class='ocr_line' id='line_1_13' title="bbox 188 1548 1454 1600; baseline -0.001 -11"><span class='ocrx_word' id='word_1_79' title='bbox 188 1556 373 1589; x_wconf 83' lang='lat' dir='ltr'>secutus</span> <span class='ocrx_word' id='word_1_80' title='bbox 396 1556 530 1596; x_wconf 89' lang='lat' dir='ltr'>esset,</span> <span class='ocrx_word' id='word_1_81' title='bbox 555 1562 744 1600; x_wconf 80' lang='lat' dir='ltr'>peream</span> <span class='ocrx_word' id='word_1_82' title='bbox 774 1549 811 1588; x_wconf 87' lang='lat' dir='ltr'>si</span> <span class='ocrx_word' id='word_1_83' title='bbox 835 1556 1017 1589; x_wconf 88' lang='lat' dir='ltr'>centum</span> <span class='ocrx_word' id='word_1_84' title='bbox 1043 1549 1241 1589; x_wconf 87' lang='lat' dir='ltr'>denariis</span> <span class='ocrx_word' id='word_1_85' title='bbox 1265 1548 1454 1588; x_wconf 82' lang='lat' dir='ltr'>calicem</span> 
     </span>
    </p>
   </div>
   <div class='ocr_carea' id='block_1_6' title="bbox 188 1636 883 1690">
    <p class='ocr_par' dir='ltr' id='par_1_6' title="bbox 188 1636 883 1690">
     <span class='ocr_line' id='line_1_14' title="bbox 188 1636 883 1690; baseline 0 -12"><span class='ocrx_word' id='word_1_86' title='bbox 188 1638 321 1678; x_wconf 87' lang='lat' dir='ltr'>mulsi</span> <span class='ocrx_word' id='word_1_87' title='bbox 354 1651 507 1678; x_wconf 90' lang='lat' dir='ltr'>emere</span> <span class='ocrx_word' id='word_1_88' title='bbox 538 1636 792 1690; x_wconf 90' lang='lat' dir='ltr'>possimus.&#39;</span> <span class='ocrx_word' id='word_1_89' title='bbox 828 1662 883 1666; x_wconf 92' lang='lat'><strong>—</strong></span> 
     </span>
    </p>
   </div>
   <div class='ocr_carea' id='block_1_7' title="bbox 188 1745 1456 1887">
    <p class='ocr_par' dir='ltr' id='par_1_7' title="bbox 188 1745 1456 1887">
     <span class='ocr_line' id='line_1_15' title="bbox 276 1745 1456 1797; baseline -0.001 -12"><span class='ocrx_word' id='word_1_90' title='bbox 276 1745 540 1797; x_wconf 84' lang='lat' dir='ltr'>Utcumque</span> <span class='ocrx_word' id='word_1_91' title='bbox 571 1758 625 1784; x_wconf 88' lang='lat' dir='ltr'>ea</span> <span class='ocrx_word' id='word_1_92' title='bbox 652 1757 726 1784; x_wconf 89' lang='lat' dir='ltr'>res</span> <span class='ocrx_word' id='word_1_93' title='bbox 759 1758 808 1784; x_wconf 87' lang='lat' dir='ltr'>se</span> <span class='ocrx_word' id='word_1_94' title='bbox 842 1745 1011 1792; x_wconf 82' lang='lat' dir='ltr'>habuit,</span> <span class='ocrx_word' id='word_1_95' title='bbox 1046 1758 1145 1784; x_wconf 90' lang='lat' dir='ltr'>mos</span> <span class='ocrx_word' id='word_1_96' title='bbox 1177 1750 1456 1784; x_wconf 90' lang='lat' dir='ltr'>mortuorum</span> 
     </span>
     <span class='ocr_line' id='line_1_16' title="bbox 188 1832 1456 1887; baseline -0.002 -12"><span class='ocrx_word' id='word_1_97' title='bbox 188 1835 233 1875; x_wconf 90' lang='lat' dir='ltr'>in</span> <span class='ocrx_word' id='word_1_98' title='bbox 264 1835 399 1875; x_wconf 90' lang='lat' dir='ltr'>melle</span> <span class='ocrx_word' id='word_1_99' title='bbox 439 1833 807 1887; x_wconf 89' lang='lat' dir='ltr'>sepeliendorum</span> <span class='ocrx_word' id='word_1_100' title='bbox 839 1839 1132 1886; x_wconf 79' lang='lat' dir='ltr'>pervetustus</span> <span class='ocrx_word' id='word_1_101' title='bbox 1172 1840 1242 1873; x_wconf 90' lang='lat' dir='ltr'>est</span> <span class='ocrx_word' id='word_1_102' title='bbox 1274 1846 1328 1873; x_wconf 85' lang='lat' dir='ltr'>ac</span> <span class='ocrx_word' id='word_1_103' title='bbox 1361 1832 1456 1872; x_wconf 90' lang='lat' dir='ltr'>diu-</span> 
     </span>
    </p>
   </div>
   <div class='ocr_carea' id='block_1_8' title="bbox 190 1922 1457 2065">
    <p class='ocr_par' dir='ltr' id='par_1_8' title="bbox 190 1922 1457 2065">
     <span class='ocr_line' id='line_1_17' title="bbox 192 1922 1457 1975; baseline -0.002 -11"><span class='ocrx_word' id='word_1_104' title='bbox 192 1923 366 1964; x_wconf 86' lang='lat' dir='ltr'>tissime</span> <span class='ocrx_word' id='word_1_105' title='bbox 414 1923 617 1975; x_wconf 71' lang='lat' dir='ltr'>vigebat.</span> <span class='ocrx_word' id='word_1_106' title='bbox 700 1923 796 1963; x_wconf 85' lang='lat' dir='ltr'>Iam</span> <span class='ocrx_word' id='word_1_107' title='bbox 843 1922 1071 1962; x_wconf 87' lang='lat' dir='ltr'>Homerus</span> <span class='ocrx_word' id='word_1_108' title='bbox 1124 1923 1195 1962; x_wconf 87' lang='lat' dir='ltr'>his</span> <span class='ocrx_word' id='word_1_109' title='bbox 1246 1922 1457 1962; x_wconf 87' lang='lat' dir='ltr'>versibus</span> 
     </span>
     <span class='ocr_line' id='line_1_18' title="bbox 190 2012 612 2065; baseline 0.002 -13"><span class='ocrx_word' id='word_1_110' title='bbox 190 2012 333 2065; x_wconf 85' lang='lat' dir='ltr'>(Iliad.</span> <span class='ocrx_word' id='word_1_111' title='bbox 359 2012 494 2060; x_wconf 87' lang='lat' dir='ltr'>XIX,</span> <span class='ocrx_word' id='word_1_112' title='bbox 521 2012 612 2064; x_wconf 79' lang='lat'>38):</span> 
     </span>
    </p>
   </div>
   <div class='ocr_carea' id='block_1_9' title="bbox 246 2114 1416 2172">
    <p class='ocr_par' dir='ltr' id='par_1_9' title="bbox 246 2114 1416 2172">
     <span class='ocr_line' id='line_1_19' title="bbox 246 2114 1416 2172; baseline -0.002 -14"><span class='ocrx_word' id='word_1_113' title='bbox 246 2117 498 2172; x_wconf 71' lang='grc' dir='ltr'>,Πατρόκλῳ</span> <span class='ocrx_word' id='word_1_114' title='bbox 530 2117 562 2157; x_wconf 73' lang='grc' dir='ltr'>δ’</span> <span class='ocrx_word' id='word_1_115' title='bbox 586 2116 666 2158; x_wconf 67' lang='grc' dir='ltr'>αὐτ</span> <span class='ocrx_word' id='word_1_116' title='bbox 697 2114 924 2171; x_wconf 64' lang='grc' dir='ltr'>ἀα3οοσίην</span> <span class='ocrx_word' id='word_1_117' title='bbox 953 2116 1028 2157; x_wconf 78' lang='grc' dir='ltr'>καὶ</span> <span class='ocrx_word' id='word_1_118' title='bbox 1057 2117 1210 2170; x_wconf 74' lang='grc' dir='ltr'>νέκταρ</span> <span class='ocrx_word' id='word_1_119' title='bbox 1242 2114 1416 2170; x_wconf 70' lang='grc' dir='ltr'>ἐρυθρὸν</span> 
     </span>
    </p>
   </div>
   <div class='ocr_carea' id='block_1_10' title="bbox 190 2155 1459 2372">
    <p class='ocr_par' dir='ltr' id='par_1_10' title="bbox 190 2155 1459 2372">
     <span class='ocr_line' id='line_1_20' title="bbox 728 2155 792 2173; baseline 0.031 -2"><span class='ocrx_word' id='word_1_120' title='bbox 728 2155 735 2171; x_wconf 78' lang='grc' dir='ltr'>Ι</span> <span class='ocrx_word' id='word_1_121' title='bbox 759 2156 766 2173; x_wconf 73' lang='grc' dir='ltr'><strong>Δ</strong></span> <span class='ocrx_word' id='word_1_122' title='bbox 786 2156 792 2172; x_wconf 57' lang='grc' dir='ltr'><strong>Κ</strong></span> 
     </span>
     <span class='ocr_line' id='line_1_21' title="bbox 246 2200 1372 2260; baseline -0.002 -16"><span class='ocrx_word' id='word_1_123' title='bbox 246 2201 378 2260; x_wconf 71' lang='grc' dir='ltr'>στάξε</span> <span class='ocrx_word' id='word_1_124' title='bbox 406 2201 526 2245; x_wconf 79' lang='grc' dir='ltr'>κατὰ</span> <span class='ocrx_word' id='word_1_125' title='bbox 558 2204 685 2257; x_wconf 72' lang='grc' dir='ltr'>ῥινῶν,</span> <span class='ocrx_word' id='word_1_126' title='bbox 711 2201 781 2245; x_wconf 78' lang='grc' dir='ltr'>ἵνα</span> <span class='ocrx_word' id='word_1_127' title='bbox 811 2202 847 2245; x_wconf 73' lang='grc' dir='ltr'>οἱ</span> <span class='ocrx_word' id='word_1_128' title='bbox 877 2203 992 2258; x_wconf 59' lang='grc' dir='ltr'>χρὼς</span> <span class='ocrx_word' id='word_1_129' title='bbox 1023 2202 1192 2257; x_wconf 63' lang='grc' dir='ltr'>ἔμπεδος</span> <span class='ocrx_word' id='word_1_130' title='bbox 1223 2200 1282 2256; x_wconf 77' lang='grc' dir='ltr'>εἴη</span> <span class='ocrx_word' id='word_1_131' title='bbox 1302 2236 1309 2243; x_wconf 94' lang='grc'><strong>.</strong></span> <span class='ocrx_word' id='word_1_132' title='bbox 1327 2235 1335 2242; x_wconf 93' lang='grc'><em>.</em></span> <span class='ocrx_word' id='word_1_133' title='bbox 1353 2204 1372 2242; x_wconf 92' lang='lat'>.’</span> 
     </span>
     <span class='ocr_line' id='line_1_22' title="bbox 190 2318 1459 2372; baseline -0.002 -11"><span class='ocrx_word' id='word_1_134' title='bbox 190 2321 452 2361; x_wconf 85' lang='lat' dir='ltr'>Patroclum</span> <span class='ocrx_word' id='word_1_135' title='bbox 485 2321 620 2361; x_wconf 89' lang='lat' dir='ltr'>melle</span> <span class='ocrx_word' id='word_1_136' title='bbox 656 2320 887 2361; x_wconf 89' lang='lat' dir='ltr'>conditum</span> <span class='ocrx_word' id='word_1_137' title='bbox 910 2318 1053 2372; x_wconf 83' lang='lat' dir='ltr'>fingit,</span> <span class='ocrx_word' id='word_1_138' title='bbox 1090 2319 1127 2359; x_wconf 84' lang='lat' dir='ltr'>si</span> <span class='ocrx_word' id='word_1_139' title='bbox 1148 2318 1459 2372; x_wconf 85' lang='lat' dir='ltr'>Porphyrium</span> 
     </span>
    </p>
   </div>
   <div class='ocr_carea' id='block_1_11' title="bbox 191 2407 1458 2523">
    <p class='ocr_par' dir='ltr' id='par_1_11' title="bbox 191 2407 1458 2523">
     <span class='ocr_line' id='line_1_23' title="bbox 191 2407 1458 2463; baseline -0.002 -13"><span class='ocrx_word' id='word_1_140' title='bbox 191 2410 433 2463; x_wconf 85' lang='lat' dir='ltr'>sequimur,</span> <span class='ocrx_word' id='word_1_141' title='bbox 469 2410 544 2463; x_wconf 85' lang='lat' dir='ltr'>qui</span> <span class='ocrx_word' id='word_1_142' title='bbox 568 2411 655 2450; x_wconf 85' lang='lat' dir='ltr'>hac</span> <span class='ocrx_word' id='word_1_143' title='bbox 681 2411 738 2449; x_wconf 87' lang='lat' dir='ltr'>de</span> <span class='ocrx_word' id='word_1_144' title='bbox 760 2423 809 2449; x_wconf 92' lang='lat' dir='ltr'>re</span> <span class='ocrx_word' id='word_1_145' title='bbox 842 2409 905 2450; x_wconf 84' lang='lat' dir='ltr'>ait</span> <span class='ocrx_word' id='word_1_146' title='bbox 938 2409 993 2461; x_wconf 87' lang='lat' dir='ltr'>(v.</span> <span class='ocrx_word' id='word_1_147' title='bbox 1018 2410 1089 2449; x_wconf 94' lang='grc'><strong>1.1.</strong></span> <span class='ocrx_word' id='word_1_148' title='bbox 1115 2421 1265 2461; x_wconf 88' lang='lat' dir='ltr'>supra,</span> <span class='ocrx_word' id='word_1_149' title='bbox 1298 2407 1376 2448; x_wconf 90' lang='lat' dir='ltr'>ubi</span> <span class='ocrx_word' id='word_1_150' title='bbox 1400 2408 1458 2448; x_wconf 85' lang='lat' dir='ltr'>de</span> 
     </span>
     <span class='ocr_line' id='line_1_24' title="bbox 1200 2491 1218 2523; baseline 0 0"><span class='ocrx_word' id='word_1_151' title='bbox 1200 2491 1218 2523; x_wconf 83' lang='grc'>9</span> 
     </span>
    </p>
   </div>
  </div>
 </body>
</html>
