2042 3070
1018 460 1085 476 ⁷³·-
1139 444 1217 483 174
1266 460 1334 478 ,ew

545 575 663 602 anno
702 561 947 614 incipiente
986 562 1119 602 melle
1159 563 1216 602 ad
1256 561 1625 601 benevolentiam
1665 562 1806 601 addu-

544 651 721 690 cebant.
787 650 903 690 Nam
937 650 1104 690 ibidem
1139 651 1200 691 ait
1233 651 1371 703 po'eta
1405 651 1460 702 (v,
1494 651 1609 701 185):

602 738 739 791 ‚Quid
774 739 870 779 vult
904 739 1057 792 palma
1090 739 1174 778 sibi
1206 753 1468 792 rugosaque
1502 739 1664 787 carica,
1699 739 1807 785 dixi,

661 829 719 868 Et
751 829 859 868 data
892 829 975 867 sub
1008 828 1142 867 niveo
1176 828 1372 868 candida
1404 828 1541 868 mella
1572 827 1708 868 favo?

603 916 763 964 Omen,
786 917 859 963 ait,
883 930 1021 957 causa
1045 925 1125 956 est.
1150 924 1198 956 ut
1222 930 1294 956 res
1318 929 1455 969 sapor
1471 916 1545 956 ille
1569 924 1805 970 sequatur:

663 1006 719 1045 Et
741 1012 940 1058 peragat
969 1013 1182 1058 coeptum
1215 1004 1359 1045 dulcis
1388 1011 1437 1045 ut
1459 1018 1603 1045 annus
1636 1005 1748 1045 iter.'

631 1095 787 1147 Atque
822 1107 1013 1140 sacrum,
1047 1095 1167 1146 quod
1198 1094 1400 1134 Fortuna
1422 1093 1577 1133 Virilis
1610 1093 1808 1146 accipie-

541 1185 633 1228 bat,
668 1183 861 1224 Ovidius
894 1182 955 1222 ita
989 1182 1192 1235 explicat
1226 1163 1348 1234 (ibid.
1372 1182 1449 1229 IV,
1481 1183 1597 1233 145):

602 1272 797 1320 ‚Discite
830 1286 960 1320 nunc,
995 1285 1136 1325 quare
1168 1272 1399 1312 Fortunae
1432 1280 1533 1312 tura
1565 1271 1696 1311 Virili

662 1361 778 1402 detis
812 1375 879 1409 eo,
913 1361 1064 1401 calida
1097 1361 1172 1413 qui
1204 1361 1332 1401 locus
1364 1367 1489 1401 umet
1521 1375 1653 1413 aqua.

600 1449 788 1503 Accipit
820 1450 895 1490 ille
928 1451 1055 1490 locus
1088 1449 1239 1502 posito
1273 1449 1499 1489 velamine
1533 1457 1722 1490 cunctas

659 1547 704 1580 et
736 1539 894 1580 vitium
927 1539 1035 1579 nudi
1069 1539 1274 1591 corporis
1308 1551 1441 1578 omne
1477 1538 1612 1585 videt,

600 1628 664 1669 Ut
688 1634 820 1681 tegat
851 1629 938 1668 hoc
970 1628 1178 1680 celetque
1210 1627 1343 1673 viros,
1378 1627 1579 1667 Fortuna
1604 1626 1759 1666 Virilis

662 1724 890 1769 praestat:
921 1724 967 1757 et
996 1717 1084 1756 hoc
1116 1729 1260 1768 parvo
1290 1723 1389 1756 ture
1417 1722 1582 1769 rogata
1604 1715 1724 1756 facit.

601 1806 700 1846 Nec
728 1806 890 1859 pigeat
918 1805 1054 1846 niveo
1084 1806 1236 1846 tritum
1267 1818 1369 1845 cum
1396 1805 1516 1845 lacte
1539 1819 1748 1858 papaver

663 1908 843 1936 sumere
876 1902 921 1935 et
954 1895 1190 1947 expressis
1223 1894 1359 1934 mella
1391 1893 1562 1946 liquata
1596 1892 1712 1934 favis
1732 1896 1768 1934 .“.
1789 1892 1811 1934 .’

632 1984 845 2036 Denique
870 1983 1039 2024 cultum
1068 1983 1186 2023 illius
1209 1982 1525 2023 Romanorum
1549 1983 1665 2022 deae
1689 1995 1812 2023 com-

544 2086 796 2113 memorare
828 2073 1055 2119 volumus,
1097 2085 1214 2124 quae
1254 2072 1312 2111 ab
1347 2070 1554 2111 Arnobio
1595 2070 1689 2124 (IV,
1716 2083 1750 2121 7.
1773 2073 1810 2110 8.

551 2175 596 2202 12
623 2176 666 2215 p.
688 2162 781 2213 141)
806 2162 1036 2209 Mellonia,
1072 2163 1129 2202 ab
1153 2161 1419 2214 Augustino
1448 2174 1558 2201 vero
1593 2161 1666 2213 (cle
1689 2160 1809 2201 civit.

545 2252 619 2291 dei
652 2251 733 2300 IV,
759 2251 828 2302 34)
870 2251 1073 2291 Mellona
1112 2256 1304 2290 vocatur
1345 2251 1473 2302 (quos
1505 2250 1632 2289 locos
1664 2247 1810 2288 Grim-

546 2340 672 2387 mins,
715 2340 936 2380 Deutsch.
971 2339 1167 2393 Mythol.
1208 2338 1309 2378 IIIte
1338 2338 1454 2378 Aufl.
1496 2352 1538 2390 p.
1573 2341 1658 2378 660
1707 2350 1811 2376 con—

546 2430 707 2482 vertit).
