2042 3070
992 465 1062 483 ἠέ
1112 448 1194 488 170
1241 464 1310 483 ,4-

521 582 633 621 gere
660 580 916 621 possumus,
972 566 1073 619 Quo
1104 567 1160 606 de
1188 567 1273 606 deo
1298 565 1470 606 Plinius
1500 567 1616 607 haec
1649 567 1787 608 tradit

522 657 589 709 (N.
609 657 666 697 H.
686 656 786 703 VII,
811 656 879 708 57)
901 670 907 695 :

610 745 761 798 ,(Auri
801 745 987 785 metalla
1030 753 1075 785 et
1115 744 1428 797 conflaturam)
1469 742 1569 792 Sol,
1616 743 1790 785 Oceani

521 833 637 874 filius
692 833 912 887 (invenit),
976 834 1047 874 cui
1087 833 1260 875 Gellius
1307 833 1563 874 medicinae
1608 846 1789 887 quoque

523 923 831 963 inventionem
865 937 925 963 ex
958 923 1093 964 melle
1128 921 1361 976 assignat.'

613 1011 771 1065 Atque
818 1012 861 1052 in
905 1013 1041 1052 anulo
1085 1012 1270 1065 antiquo
1318 1014 1405 1064 (ap.
1437 1011 1684 1051 Bellorium
1714 1011 1790 1051 l.⁷1.

523 1103 614 1142 tab.
639 1101 743 1154 VII)
791 1101 891 1154 apis
938 1101 1183 1149 invenitur,
1235 1100 1361 1162 cuius
1407 1107 1545 1154 cap-ut
1586 1101 1653 1141 sol
1693 1101 1792 1154 ipse

526 1191 709 1231 videtur
742 1203 858 1230 esse.

614 1279 788 1333 Apollo
828 1286 998 1327 autem,
1049 1279 1124 1332 qui
1170 1287 1215 1319 et
1255 1281 1368 1319 deus
1412 1278 1666 1319 medicinae
1716 1293 1795 1327 ‚ex

526 1370 661 1410 melle
693 1367 919 1409 inventae’
954 1375 999 1409 et
1023 1370 1136 1409 deus
1167 1368 1315 1409 mellis
1348 1368 1491 1421 ipsius
1525 1376 1634 1416 erat,
1669 1367 1796 1408 cuius

528 1472 660 1499 usum
682 1457 926 1498 Aristaeus
954 1456 1070 1498 filius
1103 1457 1288 1506 invenit,
1323 1458 1380 1497 ab
1411 1458 1575 1510 apibus
1610 1457 1796 1498 summis

528 1547 778 1588 honoribus
812 1548 961 1588 cultus
995 1560 1097 1587 esse
1129 1546 1283 1589 fertur.

615 1637 706 1677 Eas
729 1636 849 1676 enim
878 1650 903 1676 e
929 1649 1034 1677 cera
1062 1636 1317 1689 pennisque
1341 1636 1545 1690 Apollini
1574 1635 1796 1687 templum

527 1725 692 1766 fecisse
710 1725 963 1765 Pausanias
987 1725 1062 1777 (X,
1086 1739 1127 1779 p.
1146 1729 1242 1773 018,
1268 1726 1331 1777 10)
1364 1726 1427 1766 ita
1452 1730 1797 1765 commemorat:

613 1821 839 1876 ,Λέγουσιν
876 1821 912 1862 οἱ
947 1821 1100 1876 Δελφοὶ
1129 1821 1336 1876 γενέσθαι
1375 1819 1452 1862 ὑπο
1488 1820 1700 1874 μελισσῶν
1730 1818 1800 1860 τὸν

527 1908 626 1951 ναὸν
656 1905 736 1950 ἀπο
763 1922 811 1949 τε
839 1912 915 1949 τοῦ
944 1913 1075 1963 κηροῦ
1105 1912 1190 1949 τῶν
1220 1910 1432 1962 μελισσῶν
1461 1906 1536 1948 καὶ
1556 1905 1605 1947 ἐκ
1624 1891 1800 1960 πτερῶν

532 1995 779 2050 πεμφθῆναι
816 1994 860 2035 δὲ
897 1992 936 2045 ἐς
973 1993 1257 2049 Ὑπερβορέους
1296 1993 1422 2049 φασὶν
1462 1992 1590 2034 αὑτὸν
1620 1990 1696 2034 ὑπὸ
1726 1995 1801 2033 τοῦ

529 2081 803 2132 Ἀπόλλωνος]

621 2178 750 2231 Quae
774 2178 923 2218 omnia
940 2177 1195 2218 Pausanias
1219 2190 1243 2217 e
1262 2175 1488 2218 Strabone
1508 2175 1689 2216 haurire
1710 2188 1801 2215 non

534 2268 693 2322 potuit,
714 2268 789 2320 qui
809 2268 926 2307 hanc
944 2267 1146 2307 fabulam
1169 2265 1380 2306 reiiciens
1403 2264 1512 2304 dicit
1532 2264 1608 2317 (X,
1626 2264 1800 2317 p.421):

588 2358 684 2404 ,τῶν
723 2353 766 2395 δὲ
805 2355 952 2407 (ναῶν)
987 2352 1058 2394 τὸν
1096 2351 1168 2407 μὲν
1205 2351 1387 2405 πτέρινον
1424 2351 1478 2401 εἰς
1513 2350 1608 2401 τοὺς
1642 2349 1803 2404 μύθους

1407 2436 1610 2479 tux-:sous
