2042 3070
226 610 278 640 De
296 609 397 640 melle
415 609 582 649 lacteque,
609 607 778 638 infantum
802 618 1012 649 graecorum,
1038 619 1265 646 romanorum,

365 683 603 714 germanorum
629 673 796 703 alimentis
876 698 1263 706 .........

224 740 277 770 De
303 738 404 769 melle
431 738 661 769 valetudinem
687 738 859 779 vitamque
886 744 1106 770 conservante

223 805 276 835 De
302 803 403 834 melle
429 813 510 834 sano
538 803 720 843 sobrioque
739 803 1035 844 Pythagoreorum
1062 804 1140 835 cibo

222 870 276 900 De
302 869 334 900 vi
361 868 470 900 mellis
496 873 648 899 mortuos
675 869 897 899 conservandi
925 895 930 900 .
1020 895 1264 902 ......

222 935 275 965 De
299 934 440 964 mortuis
466 933 568 964 melle
595 933 739 964 conditis
784 959 1261 966 ...........

221 1001 273 1031 De
300 1009 363 1040 ape
390 999 560 1039 melleque
585 998 848 1029 immortalitatis
874 999 1037 1039 symbolis
1068 1024 1073 1029 .
1115 1026 1120 1031 .
1160 1026 1166 1031 .
1209 1026 1214 1031 .
1258 1026 1263 1030 .

219 1065 273 1095 De
299 1064 398 1095 melle
425 1064 516 1104 apud
543 1064 716 1103 exsequias
743 1063 858 1094 inferis
888 1064 993 1094 libato
1018 1061 1262 1107 (μελίκρατον)

221 1130 274 1160 De
300 1129 401 1160 melle
429 1129 567 1159 Plutoni
596 1128 887 1169 Proserpinaeque
913 1128 1098 1160 sacrificato

219 1194 271 1225 De
295 1193 475 1231 sacrificiis,
504 1203 589 1233 quae
617 1191 770 1236 νηφάλια
797 1195 1016 1232 vocabantur,
1043 1195 1150 1225 Furiis
1178 1194 1264 1225 aliis-

361 1258 593 1298 quelibatisr
637 1285 641 1289 .
686 1284 690 1288 .
731 1285 736 1290 .
780 1285 784 1288 .
828 1285 833 1290 .
877 1285 880 1288 .
923 1284 977 1290 ..
1067 1286 1261 1292 .....

218 1324 272 1354 De
296 1323 399 1354 melle
427 1324 555 1354 Hecate
581 1323 706 1364 triplici
733 1323 918 1354 sacrificato
970 1349 1260 1357 ,,,,,,,

220 1390 274 1420 De
299 1388 401 1419 melle
427 1388 586 1419 omnibus
612 1387 727 1419 inferis
753 1388 939 1419 sacrificato
971 1415 1260 1422 .......

218 1454 272 1485 De
297 1454 453 1484 Aristaeo
486 1453 595 1484 mellis
628 1453 779 1484 culturae
812 1453 988 1485 inventore
1020 1455 1158 1495 eiusque
1186 1465 1262 1485 cum

361 1518 496 1549 Baccho
523 1518 713 1556 certamine,
748 1528 786 1549 ac
812 1519 853 1549 de
880 1518 980 1549 melle
1007 1519 1046 1556 ei,
1078 1519 1163 1550 sicut
1188 1520 1262 1551 Iovi

360 1589 392 1615 et
417 1583 585 1624 Apollini,
612 1584 718 1615 libato
777 1610 782 1615 .
872 1610 1259 1617 .........

218 1649 270 1680 De
297 1659 360 1690 ape
388 1649 421 1680 in
448 1648 593 1680 nummis
619 1649 804 1679 Carthaeae
830 1649 983 1689 Iulisque
1010 1656 1159 1681 exstante
1204 1676 1210 1682 .

217 1715 269 1745 De
295 1714 397 1745 melle
423 1715 465 1744 ab
490 1714 645 1744 Aristaeo
672 1714 744 1744 Iovi
771 1724 835 1744 avo
862 1714 968 1745 libato
1014 1742 1019 1747 .

215 1780 269 1810 De
293 1779 395 1810 melle
422 1778 568 1810 Saturno
595 1778 778 1810 sacrificato
874 1805 1257 1812 .........

215 1845 268 1875 De
287 1844 466 1875 Curetibus
486 1854 671 1884 eorumque
689 1854 767 1885 rege
786 1844 950 1885 Gargore,
978 1845 1087 1876 mellis
1106 1846 1259 1876 culturae

358 1909 590 1940 inventoribus
633 1935 1256 1943 ..............

215 1974 269 2005 De
303 1974 404 2005 melle
437 1974 572 2004 Baccho
607 1974 715 2004 mellis
757 1974 908 2005 culturae
949 1975 1117 2006 inventori
1159 1976 1258 2006 saeri-

356 2039 455 2070 ficato
538 2064 1254 2072 ................

215 2105 267 2135 De
296 2104 446 2135 Mellissa
472 2105 623 2145 nympha
648 2104 759 2135 mellis
785 2104 937 2135 culturae
962 2105 1147 2136 inventrice
1204 2131 1209 2135 .
1250 2131 1256 2136 .

215 2170 267 2200 De
295 2169 532 2210 Nympharum
559 2169 689 2208 animis,
723 2180 810 2211 quae
836 2171 996 2213 μέλισσαι
1022 2171 1252 2202 vocabantur.

214 2234 268 2264 De
294 2234 464 2274 Nymphis
489 2235 553 2266 mel
582 2235 767 2266 libantibus
793 2235 963 2275 melleque
990 2235 1168 2267 celebratis
1201 2263 1206 2268 .
1249 2264 1253 2268 .

214 2300 267 2329 De
299 2299 399 2330 melle
430 2300 533 2336 Pani,
569 2300 714 2340 Priapo,
746 2300 908 2337 Mithrae,
941 2300 1101 2338 Laribus,
1132 2301 1255 2339 Cereri,

358 2364 542 2402 Mercurio,
569 2365 699 2395 Dianae
726 2364 848 2405 agresti
875 2364 1059 2395 sacrificato
1096 2359 1099 2361 ⁵

215 2429 267 2459 De
294 2439 357 2470 ape
383 2429 416 2459 in
443 2431 587 2461 nummis
614 2431 841 2471 Ephesiorum
869 2435 1018 2461 exstante
1056 2457 1253 2464 .....

1370 562 1441 594 Pag.

1314 684 1497 717 119-122

1258 766 1262 771 .
1314 739 1495 771 122-126

1258 831 1262 834 .
1313 803 1494 840 126—123

1311 874 1496 910 128—130

1313 944 1495 976 130—134

1372 1009 1435 1040 134

1310 1074 1489 1106 134-141

1255 1155 1261 1161 .
1312 1139 1494 1169 141—144

1370 1270 1435 1299 144

1311 1335 1490 1367 144-145

1370 1390 1433 1429 146

1308 1584 1490 1629 146-149

1368 1661 1431 1693 149

1368 1726 1430 1758 149

1307 1791 1491 1823 149-150

1306 1920 1485 1953 15oss151

1304 2051 1487 2083 151—154

1364 2115 1428 2148 154

1362 2181 1425 2214 155

1306 2236 1485 2281 156-158

1201 2393 1208 2398 .
1250 2393 1256 2399 .
1304 2367 1484 2410 158—163

1302 2431 1484 2473 163—166
