<?xml version="1.0" encoding="UTF-8"?>
<!DOCTYPE html PUBLIC "-//W3C//DTD XHTML 1.0 Transitional//EN"
    "http://www.w3.org/TR/xhtml1/DTD/xhtml1-transitional.dtd">
<html xmlns="http://www.w3.org/1999/xhtml" xml:lang="en" lang="en">
 <head>
  <title>
</title>
<meta http-equiv="Content-Type" content="text/html;charset=utf-8" />
  <meta name='ocr-system' content='tesseract 3.04.00' />
  <meta name='ocr-capabilities' content='ocr_page ocr_carea ocr_par ocr_line ocrx_word'/>
</head>
<body>
  <div class='ocr_page' id='page_1' title='image "./deapiummellisqve00robeuoft_0042.png"; bbox 0 0 2042 3070; ppageno 0'>
   <div class='ocr_carea' id='block_1_1' title="bbox 985 436 1273 477">
    <p class='ocr_par' dir='ltr' id='par_1_1' title="bbox 985 436 1273 477">
     <span class='ocr_line' id='line_1_1' title="bbox 985 436 1273 477; baseline -0.007 -5"><span class='ocrx_word' id='word_1_1' title='bbox 985 436 1273 477; x_wconf 40' lang='lat'>-22238-21—</span> 
     </span>
    </p>
   </div>
   <div class='ocr_carea' id='block_1_2' title="bbox 494 552 1762 787">
    <p class='ocr_par' dir='ltr' id='par_1_2' title="bbox 494 552 1762 787">
     <span class='ocr_line' id='line_1_2' title="bbox 584 552 1762 609; baseline -0.006 -10"><span class='ocrx_word' id='word_1_2' title='bbox 584 557 743 600; x_wconf 84' lang='lat' dir='ltr'>Simile</span> <span class='ocrx_word' id='word_1_3' title='bbox 766 569 876 596; x_wconf 86' lang='lat' dir='ltr'>vero</span> <span class='ocrx_word' id='word_1_4' title='bbox 895 562 1156 609; x_wconf 80' lang='lat' dir='ltr'>portentum</span> <span class='ocrx_word' id='word_1_5' title='bbox 1180 553 1334 606; x_wconf 88' lang='lat' dir='ltr'>apium</span> <span class='ocrx_word' id='word_1_6' title='bbox 1357 566 1553 593; x_wconf 80' lang='lat' dir='ltr'>examen</span> <span class='ocrx_word' id='word_1_7' title='bbox 1570 552 1762 593; x_wconf 90' lang='lat' dir='ltr'>Hieroni</span> 
     </span>
     <span class='ocr_line' id='line_1_3' title="bbox 495 641 1761 695; baseline -0.005 -8"><span class='ocrx_word' id='word_1_8' title='bbox 495 646 657 687; x_wconf 88' lang='lat' dir='ltr'>minori</span> <span class='ocrx_word' id='word_1_9' title='bbox 685 645 824 686; x_wconf 87' lang='lat' dir='ltr'>fuisse</span> <span class='ocrx_word' id='word_1_10' title='bbox 855 658 915 685; x_wconf 81' lang='lat' dir='ltr'>ex</span> <span class='ocrx_word' id='word_1_11' title='bbox 936 643 1110 684; x_wconf 87' lang='lat' dir='ltr'>Iustino</span> <span class='ocrx_word' id='word_1_12' title='bbox 1141 641 1459 695; x_wconf 79' lang='lat' dir='ltr'>comperimus,</span> <span class='ocrx_word' id='word_1_13' title='bbox 1495 641 1571 694; x_wconf 92' lang='lat' dir='ltr'>qui</span> <span class='ocrx_word' id='word_1_14' title='bbox 1592 642 1681 682; x_wconf 88' lang='lat' dir='ltr'>hac</span> <span class='ocrx_word' id='word_1_15' title='bbox 1705 642 1761 681; x_wconf 93' lang='lat' dir='ltr'>de</span> 
     </span>
     <span class='ocr_line' id='line_1_4' title="bbox 494 731 1134 787; baseline -0.008 -11"><span class='ocrx_word' id='word_1_16' title='bbox 494 750 544 776; x_wconf 93' lang='lat' dir='ltr'>re</span> <span class='ocrx_word' id='word_1_17' title='bbox 578 736 640 776; x_wconf 88' lang='lat' dir='ltr'>ita</span> <span class='ocrx_word' id='word_1_18' title='bbox 673 734 815 775; x_wconf 83' lang='lat' dir='ltr'><strong>refert</strong></span> <span class='ocrx_word' id='word_1_19' title='bbox 847 731 1044 787; x_wconf 81' lang='lat' dir='ltr'>(XXIII,</span> <span class='ocrx_word' id='word_1_20' title='bbox 1067 731 1134 784; x_wconf 80' lang='lat'>4):</span> 
     </span>
    </p>
   </div>
   <div class='ocr_carea' id='block_1_3' title="bbox 495 818 1766 1050">
    <p class='ocr_par' dir='ltr' id='par_1_3' title="bbox 495 818 1766 1050">
     <span class='ocr_line' id='line_1_5' title="bbox 586 818 1763 876; baseline -0.008 -10"><span class='ocrx_word' id='word_1_21' title='bbox 586 825 747 874; x_wconf 89' lang='lat' dir='ltr'>‚Hiero</span> <span class='ocrx_word' id='word_1_22' title='bbox 767 856 774 864; x_wconf 95' lang='lat'><strong>.</strong></span> <span class='ocrx_word' id='word_1_23' title='bbox 795 855 803 864; x_wconf 90' lang='lat'><strong>.</strong></span> <span class='ocrx_word' id='word_1_24' title='bbox 823 855 832 863; x_wconf 87' lang='lat'><strong>.</strong></span> <span class='ocrx_word' id='word_1_25' title='bbox 871 822 1020 876; x_wconf 87' lang='lat' dir='ltr'>(huius</span> <span class='ocrx_word' id='word_1_26' title='bbox 1058 820 1236 861; x_wconf 86' lang='lat' dir='ltr'>futurae</span> <span class='ocrx_word' id='word_1_27' title='bbox 1275 818 1529 859; x_wconf 84' lang='lat' dir='ltr'>maiestatis</span> <span class='ocrx_word' id='word_1_28' title='bbox 1565 818 1668 872; x_wconf 88' lang='lat' dir='ltr'>ipsa</span> <span class='ocrx_word' id='word_1_29' title='bbox 1699 818 1763 859; x_wconf 91' lang='lat' dir='ltr'>in-</span> 
     </span>
     <span class='ocr_line' id='line_1_6' title="bbox 496 907 1764 964; baseline -0.006 -8"><span class='ocrx_word' id='word_1_30' title='bbox 496 915 633 956; x_wconf 85' lang='lat' dir='ltr'>fantis</span> <span class='ocrx_word' id='word_1_31' title='bbox 673 912 884 954; x_wconf 75' lang='lat' dir='ltr'>educatio</span> <span class='ocrx_word' id='word_1_32' title='bbox 924 909 1054 964; x_wconf 80' lang='lat' dir='ltr'>quasi</span> <span class='ocrx_word' id='word_1_33' title='bbox 1094 907 1368 962; x_wconf 88' lang='lat' dir='ltr'>praenuntia</span> <span class='ocrx_word' id='word_1_34' title='bbox 1399 907 1497 961; x_wconf 87' lang='lat' dir='ltr'>fuit)</span> <span class='ocrx_word' id='word_1_35' title='bbox 1532 940 1541 949; x_wconf 91' lang='lat'><strong>.</strong></span> <span class='ocrx_word' id='word_1_36' title='bbox 1561 940 1597 950; x_wconf 90' lang='lat'>..</span> <span class='ocrx_word' id='word_1_37' title='bbox 1632 915 1764 961; x_wconf 87' lang='lat' dir='ltr'>patre</span> 
     </span>
     <span class='ocr_line' id='line_1_7' title="bbox 495 998 1766 1050; baseline -0.006 -6"><span class='ocrx_word' id='word_1_38' title='bbox 495 1003 819 1044; x_wconf 86' lang='lat' dir='ltr'>Hierocle...</span> <span class='ocrx_word' id='word_1_39' title='bbox 871 1014 932 1040; x_wconf 80' lang='lat' dir='ltr'>ex</span> <span class='ocrx_word' id='word_1_40' title='bbox 970 998 1136 1040; x_wconf 86' lang='lat' dir='ltr'>ancilla</span> <span class='ocrx_word' id='word_1_41' title='bbox 1182 1004 1318 1038; x_wconf 90' lang='lat' dir='ltr'>natus</span> <span class='ocrx_word' id='word_1_42' title='bbox 1357 1010 1412 1037; x_wconf 88' lang='lat' dir='ltr'>ac</span> <span class='ocrx_word' id='word_1_43' title='bbox 1450 1003 1700 1050; x_wconf 86' lang='lat' dir='ltr'>propterea</span> <span class='ocrx_word' id='word_1_44' title='bbox 1739 1011 1766 1037; x_wconf 84' lang='lat' dir='ltr'>a</span> 
     </span>
    </p>
   </div>
   <div class='ocr_carea' id='block_1_4' title="bbox 498 1086 1769 2127">
    <p class='ocr_par' dir='ltr' id='par_1_4' title="bbox 498 1086 1768 1857">
     <span class='ocr_line' id='line_1_8' title="bbox 498 1086 1766 1146; baseline -0.006 -13"><span class='ocrx_word' id='word_1_45' title='bbox 498 1098 631 1146; x_wconf 90' lang='lat' dir='ltr'>patre</span> <span class='ocrx_word' id='word_1_46' title='bbox 663 1091 790 1132; x_wconf 89' lang='lat' dir='ltr'>velut</span> <span class='ocrx_word' id='word_1_47' title='bbox 823 1090 1282 1130; x_wconf 80' lang='lat' dir='ltr'>dehonestamentum</span> <span class='ocrx_word' id='word_1_48' title='bbox 1308 1087 1494 1139; x_wconf 81' lang='lat' dir='ltr'>generis</span> <span class='ocrx_word' id='word_1_49' title='bbox 1527 1086 1766 1140; x_wconf 79' lang='lat' dir='ltr'>expositus</span> 
     </span>
     <span class='ocr_line' id='line_1_9' title="bbox 498 1155 1766 1233; baseline -0.006 -10"><span class='ocrx_word' id='word_1_50' title='bbox 498 1182 658 1222; x_wconf 84' lang='lat' dir='ltr'>fuerat.</span> <span class='ocrx_word' id='word_1_51' title='bbox 707 1179 803 1222; x_wconf 84' lang='lat' dir='ltr'>Sed</span> <span class='ocrx_word' id='word_1_52' title='bbox 825 1179 1067 1233; x_wconf 84' lang='lat' dir='ltr'>parvulum</span> <span class='ocrx_word' id='word_1_53' title='bbox 1097 1184 1142 1219; x_wconf 90' lang='lat' dir='ltr'>et</span> <span class='ocrx_word' id='word_1_54' title='bbox 1164 1155 1392 1217; x_wconf 85' lang='lat' dir='ltr'>humanae</span> <span class='ocrx_word' id='word_1_55' title='bbox 1420 1175 1521 1229; x_wconf 87' lang='lat' dir='ltr'>opis</span> <span class='ocrx_word' id='word_1_56' title='bbox 1551 1183 1766 1229; x_wconf 85' lang='lat' dir='ltr'>egentem</span> 
     </span>
     <span class='ocr_line' id='line_1_10' title="bbox 499 1265 1767 1324; baseline -0.005 -13"><span class='ocrx_word' id='word_1_57' title='bbox 499 1284 632 1324; x_wconf 77' lang='lat' dir='ltr'>apes,</span> <span class='ocrx_word' id='word_1_58' title='bbox 682 1274 906 1322; x_wconf 91' lang='lat' dir='ltr'>congesto</span> <span class='ocrx_word' id='word_1_59' title='bbox 960 1267 1082 1308; x_wconf 87' lang='lat' dir='ltr'>circa</span> <span class='ocrx_word' id='word_1_60' title='bbox 1128 1267 1356 1307; x_wconf 89' lang='lat' dir='ltr'>iacentem</span> <span class='ocrx_word' id='word_1_61' title='bbox 1409 1265 1568 1312; x_wconf 91' lang='lat' dir='ltr'>melle,</span> <span class='ocrx_word' id='word_1_62' title='bbox 1614 1265 1767 1306; x_wconf 78' lang='lat' dir='ltr'>multis</span> 
     </span>
     <span class='ocr_line' id='line_1_11' title="bbox 501 1355 1766 1409; baseline -0.005 -9"><span class='ocrx_word' id='word_1_63' title='bbox 501 1359 664 1400; x_wconf 88' lang='lat' dir='ltr'>diebus</span> <span class='ocrx_word' id='word_1_64' title='bbox 707 1359 876 1399; x_wconf 89' lang='lat' dir='ltr'>aluere.</span> <span class='ocrx_word' id='word_1_65' title='bbox 948 1355 1020 1397; x_wconf 93' lang='lat' dir='ltr'>Ob</span> <span class='ocrx_word' id='word_1_66' title='bbox 1060 1369 1196 1409; x_wconf 86' lang='lat' dir='ltr'>quam</span> <span class='ocrx_word' id='word_1_67' title='bbox 1235 1369 1331 1395; x_wconf 93' lang='lat' dir='ltr'>rem</span> <span class='ocrx_word' id='word_1_68' title='bbox 1369 1367 1593 1408; x_wconf 85' lang='lat' dir='ltr'>responso</span> <span class='ocrx_word' id='word_1_69' title='bbox 1634 1355 1766 1395; x_wconf 88' lang='lat' dir='ltr'>haru-</span> 
     </span>
     <span class='ocr_line' id='line_1_12' title="bbox 499 1443 1767 1502; baseline -0.003 -13"><span class='ocrx_word' id='word_1_70' title='bbox 499 1448 675 1502; x_wconf 83' lang='lat' dir='ltr'>spicum</span> <span class='ocrx_word' id='word_1_71' title='bbox 698 1446 958 1488; x_wconf 85' lang='lat' dir='ltr'>admonitus</span> <span class='ocrx_word' id='word_1_72' title='bbox 981 1452 1126 1499; x_wconf 87' lang='lat' dir='ltr'>pater,</span> <span class='ocrx_word' id='word_1_73' title='bbox 1155 1445 1232 1498; x_wconf 89' lang='lat' dir='ltr'>qui</span> <span class='ocrx_word' id='word_1_74' title='bbox 1258 1457 1454 1497; x_wconf 89' lang='lat' dir='ltr'>regnum</span> <span class='ocrx_word' id='word_1_75' title='bbox 1482 1443 1642 1484; x_wconf 87' lang='lat' dir='ltr'>infanti</span> <span class='ocrx_word' id='word_1_76' title='bbox 1664 1458 1767 1497; x_wconf 89' lang='lat' dir='ltr'>por-</span> 
     </span>
     <span class='ocr_line' id='line_1_13' title="bbox 500 1532 1767 1588; baseline -0.003 -10"><span class='ocrx_word' id='word_1_77' title='bbox 500 1537 627 1578; x_wconf 91' lang='lat' dir='ltr'>tendi</span> <span class='ocrx_word' id='word_1_78' title='bbox 676 1537 926 1584; x_wconf 78' lang='lat' dir='ltr'>canebant,</span> <span class='ocrx_word' id='word_1_79' title='bbox 972 1534 1213 1588; x_wconf 81' lang='lat' dir='ltr'>parvulum</span> <span class='ocrx_word' id='word_1_80' title='bbox 1260 1532 1505 1586; x_wconf 82' lang='lat' dir='ltr'>recolligit,</span> <span class='ocrx_word' id='word_1_81' title='bbox 1554 1532 1767 1586; x_wconf 89' lang='lat' dir='ltr'>omnique</span> 
     </span>
     <span class='ocr_line' id='line_1_14' title="bbox 504 1622 1768 1678; baseline -0.006 -10"><span class='ocrx_word' id='word_1_82' title='bbox 504 1626 657 1668; x_wconf 89' lang='lat' dir='ltr'>studio</span> <span class='ocrx_word' id='word_1_83' title='bbox 690 1627 749 1666; x_wconf 90' lang='lat' dir='ltr'>ad</span> <span class='ocrx_word' id='word_1_84' title='bbox 781 1638 912 1678; x_wconf 90' lang='lat' dir='ltr'>spem</span> <span class='ocrx_word' id='word_1_85' title='bbox 944 1623 1216 1671; x_wconf 81' lang='lat' dir='ltr'>maiestatis,</span> <span class='ocrx_word' id='word_1_86' title='bbox 1255 1636 1374 1676; x_wconf 85' lang='lat' dir='ltr'>quae</span> <span class='ocrx_word' id='word_1_87' title='bbox 1406 1622 1768 1675; x_wconf 85' lang='lat' dir='ltr'>promittebatur,</span> 
     </span>
     <span class='ocr_line' id='line_1_15' title="bbox 499 1711 1767 1768; baseline -0.005 -11"><span class='ocrx_word' id='word_1_88' title='bbox 499 1716 721 1758; x_wconf 87' lang='lat' dir='ltr'>instituit’.</span> <span class='ocrx_word' id='word_1_89' title='bbox 757 1716 813 1768; x_wconf 84' lang='lat' dir='ltr'>(v.</span> <span class='ocrx_word' id='word_1_90' title='bbox 836 1713 1069 1755; x_wconf 84' lang='lat' dir='ltr'>Alexand.</span> <span class='ocrx_word' id='word_1_91' title='bbox 1095 1714 1152 1754; x_wconf 92' lang='lat' dir='ltr'>ab</span> <span class='ocrx_word' id='word_1_92' title='bbox 1176 1713 1432 1753; x_wconf 82' lang='lat' dir='ltr'>Alexandr.</span> <span class='ocrx_word' id='word_1_93' title='bbox 1464 1712 1634 1765; x_wconf 85' lang='lat' dir='ltr'>genial.</span> <span class='ocrx_word' id='word_1_94' title='bbox 1659 1711 1767 1752; x_wconf 89' lang='lat' dir='ltr'>dier.</span> 
     </span>
     <span class='ocr_line' id='line_1_16' title="bbox 498 1804 896 1857; baseline -0.003 -11"><span class='ocrx_word' id='word_1_95' title='bbox 498 1806 598 1846; x_wconf 88' lang='lat' dir='ltr'>libr.</span> <span class='ocrx_word' id='word_1_96' title='bbox 620 1805 665 1845; x_wconf 93' lang='grc' dir='ltr'>ΙΙ</span> <span class='ocrx_word' id='word_1_97' title='bbox 689 1818 725 1846; x_wconf 94' lang='lat' dir='ltr'>c.</span> <span class='ocrx_word' id='word_1_98' title='bbox 751 1804 805 1857; x_wconf 78' lang='lat'>3).</span> <span class='ocrx_word' id='word_1_99' title='bbox 838 1828 896 1834; x_wconf 91' lang='lat'>—</span> 
     </span>
    </p>

    <p class='ocr_par' dir='ltr' id='par_1_5' title="bbox 500 1874 1769 2127">
     <span class='ocr_line' id='line_1_17' title="bbox 588 1874 1768 1947; baseline -0.004 -11"><span class='ocrx_word' id='word_1_100' title='bbox 588 1894 780 1936; x_wconf 86' lang='lat' dir='ltr'>Circiter</span> <span class='ocrx_word' id='word_1_101' title='bbox 801 1900 995 1947; x_wconf 89' lang='lat' dir='ltr'>quatuor</span> <span class='ocrx_word' id='word_1_102' title='bbox 1025 1891 1221 1933; x_wconf 82' lang='lat' dir='ltr'>saeculis</span> <span class='ocrx_word' id='word_1_103' title='bbox 1249 1898 1356 1945; x_wconf 85' lang='lat' dir='ltr'>post</span> <span class='ocrx_word' id='word_1_104' title='bbox 1388 1892 1472 1931; x_wconf 83' lang='lat' dir='ltr'>sub</span> <span class='ocrx_word' id='word_1_105' title='bbox 1504 1904 1650 1945; x_wconf 90' lang='lat' dir='ltr'>regno</span> <span class='ocrx_word' id='word_1_106' title='bbox 1673 1874 1768 1932; x_wconf 55' lang='lat' dir='ltr'>{la-</span> 
     </span>
     <span class='ocr_line' id='line_1_18' title="bbox 501 1980 1769 2039; baseline -0.003 -14"><span class='ocrx_word' id='word_1_107' title='bbox 501 1984 647 2025; x_wconf 87' lang='lat' dir='ltr'>driani</span> <span class='ocrx_word' id='word_1_108' title='bbox 677 1984 801 2024; x_wconf 90' lang='lat' dir='ltr'>idem</span> <span class='ocrx_word' id='word_1_109' title='bbox 829 1982 1093 2036; x_wconf 89' lang='lat' dir='ltr'>prodigium</span> <span class='ocrx_word' id='word_1_110' title='bbox 1115 1982 1164 2022; x_wconf 85' lang='lat' dir='ltr'>T.</span> <span class='ocrx_word' id='word_1_111' title='bbox 1189 1981 1381 2022; x_wconf 91' lang='lat' dir='ltr'>Aurelio</span> <span class='ocrx_word' id='word_1_112' title='bbox 1404 1980 1640 2039; x_wconf 90' lang='lat' dir='ltr'>Antonino</span> <span class='ocrx_word' id='word_1_113' title='bbox 1662 1989 1769 2034; x_wconf 86' lang='lat' dir='ltr'>post</span> 
     </span>
     <span class='ocr_line' id='line_1_19' title="bbox 500 2069 1768 2127; baseline -0.004 -13"><span class='ocrx_word' id='word_1_114' title='bbox 500 2073 872 2127; x_wconf 82' lang='lat' dir='ltr'>proconsulatum</span> <span class='ocrx_word' id='word_1_115' title='bbox 906 2071 951 2111; x_wconf 93' lang='lat' dir='ltr'>in</span> <span class='ocrx_word' id='word_1_116' title='bbox 973 2070 1090 2112; x_wconf 84' lang='lat' dir='ltr'>Asia</span> <span class='ocrx_word' id='word_1_117' title='bbox 1118 2071 1296 2124; x_wconf 84' lang='lat' dir='ltr'>obtigit,</span> <span class='ocrx_word' id='word_1_118' title='bbox 1331 2070 1454 2124; x_wconf 90' lang='lat' dir='ltr'>quod</span> <span class='ocrx_word' id='word_1_119' title='bbox 1483 2069 1768 2123; x_wconf 88' lang='lat' dir='ltr'>Capitolinus</span> 
     </span>
    </p>
   </div>
   <div class='ocr_carea' id='block_1_5' title="bbox 500 2159 1766 2215">
    <p class='ocr_par' dir='ltr' id='par_1_6' title="bbox 500 2159 1766 2215">
     <span class='ocr_line' id='line_1_20' title="bbox 500 2159 1766 2215; baseline -0.003 -12"><span class='ocrx_word' id='word_1_120' title='bbox 500 2163 564 2204; x_wconf 85' lang='lat' dir='ltr'>ita</span> <span class='ocrx_word' id='word_1_121' title='bbox 595 2167 724 2203; x_wconf 89' lang='lat' dir='ltr'>notat</span> <span class='ocrx_word' id='word_1_122' title='bbox 757 2162 849 2215; x_wconf 89' lang='lat' dir='ltr'>(vit.</span> <span class='ocrx_word' id='word_1_123' title='bbox 873 2160 952 2209; x_wconf 88' lang='lat' dir='ltr'>Pii,</span> <span class='ocrx_word' id='word_1_124' title='bbox 978 2161 1041 2214; x_wconf 79' lang='lat'>3):</span> <span class='ocrx_word' id='word_1_125' title='bbox 1076 2161 1185 2209; x_wconf 91' lang='lat' dir='ltr'>,eius</span> <span class='ocrx_word' id='word_1_126' title='bbox 1218 2166 1394 2201; x_wconf 86' lang='lat' dir='ltr'>statuas</span> <span class='ocrx_word' id='word_1_127' title='bbox 1426 2160 1471 2200; x_wconf 91' lang='lat' dir='ltr'>in</span> <span class='ocrx_word' id='word_1_128' title='bbox 1493 2159 1615 2200; x_wconf 91' lang='lat' dir='ltr'>omni</span> <span class='ocrx_word' id='word_1_129' title='bbox 1636 2159 1766 2200; x_wconf 89' lang='lat' dir='ltr'>Etru-</span> 
     </span>
    </p>
   </div>
   <div class='ocr_carea' id='block_1_6' title="bbox 2004 0 2042 1592">
    <p class='ocr_par' dir='ltr' id='par_1_7' title="bbox 2004 0 2042 1592">
     <span class='ocr_line' id='line_1_21' title="bbox 2004 0 2042 1592; baseline 0 0"><span class='ocrx_word' id='word_1_130' title='bbox 2004 0 2042 1592; x_wconf 95' lang='lat' dir='ltr'> </span> 
     </span>
    </p>
   </div>
   <div class='ocr_carea' id='block_1_7' title="bbox 500 2248 1827 2304">
    <p class='ocr_par' dir='ltr' id='par_1_8' title="bbox 500 2248 1827 2304">
     <span class='ocr_line' id='line_1_22' title="bbox 500 2248 1827 2304; baseline -0.003 -12"><span class='ocrx_word' id='word_1_131' title='bbox 500 2252 568 2293; x_wconf 86' lang='lat' dir='ltr'>ria</span> <span class='ocrx_word' id='word_1_132' title='bbox 599 2263 797 2292; x_wconf 81' lang='lat' dir='ltr'>examen</span> <span class='ocrx_word' id='word_1_133' title='bbox 829 2250 982 2304; x_wconf 92' lang='lat' dir='ltr'>apium</span> <span class='ocrx_word' id='word_1_134' title='bbox 1014 2250 1244 2303; x_wconf 83' lang='lat' dir='ltr'>replevit&#39;.</span> <span class='ocrx_word' id='word_1_135' title='bbox 1295 2250 1414 2290; x_wconf 90' lang='lat' dir='ltr'>Nam</span> <span class='ocrx_word' id='word_1_136' title='bbox 1447 2250 1505 2289; x_wconf 89' lang='lat' dir='ltr'>ab</span> <span class='ocrx_word' id='word_1_137' title='bbox 1528 2248 1767 2289; x_wconf 89' lang='lat' dir='ltr'>Hadriano</span> <span class='ocrx_word' id='word_1_138' title='bbox 1824 2276 1827 2278; x_wconf 92' lang='lat'><em>-</em></span> 
     </span>
    </p>
   </div>
   <div class='ocr_carea' id='block_1_8' title="bbox 501 2338 1635 2393">
    <p class='ocr_par' dir='ltr' id='par_1_9' title="bbox 501 2338 1635 2393">
     <span class='ocr_line' id='line_1_23' title="bbox 501 2338 1635 2393; baseline -0.003 -12"><span class='ocrx_word' id='word_1_139' title='bbox 501 2341 748 2393; x_wconf 87' lang='lat' dir='ltr'>adoptatus</span> <span class='ocrx_word' id='word_1_140' title='bbox 779 2340 1021 2393; x_wconf 92' lang='lat' dir='ltr'>imperium</span> <span class='ocrx_word' id='word_1_141' title='bbox 1054 2353 1109 2380; x_wconf 93' lang='lat' dir='ltr'>eo</span> <span class='ocrx_word' id='word_1_142' title='bbox 1141 2347 1319 2381; x_wconf 90' lang='lat' dir='ltr'>mortuo</span> <span class='ocrx_word' id='word_1_143' title='bbox 1353 2338 1544 2391; x_wconf 89' lang='lat' dir='ltr'>accepit.</span> <span class='ocrx_word' id='word_1_144' title='bbox 1580 2362 1635 2366; x_wconf 89' lang='lat'>-—</span> 
     </span>
    </p>
   </div>
   <div class='ocr_carea' id='block_1_9' title="bbox 591 2427 1768 2470">
    <p class='ocr_par' dir='ltr' id='par_1_10' title="bbox 591 2427 1768 2470">
     <span class='ocr_line' id='line_1_24' title="bbox 591 2427 1768 2470; baseline -0.003 0"><span class='ocrx_word' id='word_1_145' title='bbox 591 2428 729 2470; x_wconf 82' lang='lat' dir='ltr'>Cuius</span> <span class='ocrx_word' id='word_1_146' title='bbox 753 2428 1043 2470; x_wconf 86' lang='lat' dir='ltr'>coniecturae</span> <span class='ocrx_word' id='word_1_147' title='bbox 1067 2436 1145 2470; x_wconf 90' lang='lat' dir='ltr'>aut</span> <span class='ocrx_word' id='word_1_148' title='bbox 1168 2427 1476 2469; x_wconf 84' lang='lat' dir='ltr'>diuturnitatis</span> <span class='ocrx_word' id='word_1_149' title='bbox 1505 2433 1582 2468; x_wconf 92' lang='lat' dir='ltr'>aut</span> <span class='ocrx_word' id='word_1_150' title='bbox 1610 2439 1768 2468; x_wconf 87' lang='lat' dir='ltr'>recen-</span> 
     </span>
    </p>
   </div>
  </div>
 </body>
</html>
