2042 3070
917 433 1236 473 *1244

447 564 514 602 43.
585 550 899 591 Democritum
946 551 1102 604 plures
1152 552 1197 591 in
1246 551 1344 592 dies
1390 553 1523 605 panis
1571 554 1711 594 odore

444 639 586 680 vitam
616 651 896 692 prorogasse
929 639 1094 691 tradit.)
1133 637 1313 693 Ἕχαιρε
1343 638 1387 679 δὲ
1413 639 1435 680 ὂ
1460 638 1713 694 Δημόκριτος

446 722 511 766 ἀεὶ
536 726 598 779 τῷ
624 725 775 780 μέλιτι·
806 725 882 767 καὶ
908 726 1004 781 πρὸς
1034 724 1105 768 τὸν
1135 726 1378 780 πυθόμενον,
1407 730 1494 778 πῶς
1516 724 1566 769 ἂν
1586 725 1714 783 ὑγιῶς

445 826 506 863 τις
543 809 697 867 διάγοι,
740 810 837 866 ἔφη,
878 812 911 854 εἰ
945 809 1003 853 τὰ
1040 811 1113 866 μὲν
1151 810 1263 863 ἐντὸς
1293 811 1429 867 μέλιτι
1458 812 1618 869 βρέχοι,
1655 810 1714 854 τὰ

447 899 479 940 δ’
511 896 631 950 ἐκτὸς
661 897 816 953 ἐλαίῳ]
838 924 892 928 —

535 991 670 1045 Quod
722 987 975 1034 DemOcriti
1028 993 1199 1034 dictum
1252 993 1390 1034 etiam
1442 993 1714 1047 Diophanes

447 1080 607 1135 (Geop.
637 1082 745 1131 XV,
777 1096 812 1124 c.
844 1096 878 1134 7.
909 1086 927 1133 g
953 1082 1081 1135 3—6)
1135 1081 1286 1123 refert.
1363 1081 1521 1136 Atque
1568 1082 1714 1122 Pollio

446 1184 591 1212 senex
614 1171 798 1212 celeber
826 1184 1039 1212 romanus
1063 1172 1227 1212 eadem
1250 1164 1476 1213 sententia
1499 1185 1607 1212 usus
1630 1177 1712 1214 est.

445 1261 618 1301 Plinius
658 1261 777 1301 enim
817 1261 940 1302 illum
978 1261 1101 1301 melli
1137 1260 1292 1301 vinum
1331 1260 1621 1301 adiicientem
1660 1273 1714 1301 ac

446 1350 641 1391 mulsum
663 1350 774 1390 illud
797 1350 860 1390 ita
882 1349 1147 1391 laudantem
1170 1349 1280 1391 facit
1297 1350 1604 1403 (N.H.*XXII‚
1622 1350 1713 1403 53):

535 1445 680 1494 ,Multi
703 1452 938 1486 senectam
960 1446 1149 1499 longam
1179 1445 1312 1486 mulsi
1338 1451 1514 1486 tantum
1545 1445 1714 1486 nutritu

447 1535 720 1583 toleravere,
752 1548 903 1588 neque
927 1535 1015 1575 alio
1037 1536 1129 1576 ullo
1158 1535 1273 1584 cibo,
1308 1535 1478 1576 celebri
1498 1534 1716 1576 Pollionis

445 1623 618 1664 Romili
658 1625 888 1677 exemplo.
947 1623 1254 1665 Centesimum
1287 1637 1453 1664 annum
1487 1623 1714 1664 exceden-

447 1720 541 1754 tem
583 1726 686 1753 eum
722 1712 871 1753 Divus
908 1712 1152 1766 Augustus
1190 1713 1362 1766 hospes
1403 1712 1715 1766 interrogavit,

448 1814 646 1854 quanam
693 1801 893 1842 maxime
940 1801 1116 1841 ratione
1155 1801 1365 1854 vigorem
1413 1800 1536 1841 illum
1580 1796 1716 1842 animi

449 1889 748 1943 corporisque
772 1889 1059 1931 custodisset.
1108 1890 1173 1931 At
1198 1890 1274 1930 ille
1302 1890 1563 1944 respondit:
1596 1890 1738 1932 intus=

447 1979 606 2027 mulso,
640 1978 750 2019 foris
782 1977 910 2019 oleo.’
933 2003 989 2007 ——

535 2067 698 2121 Neque
735 2081 846 2109 vero
884 2068 1046 2108 mirum
1087 2075 1173 2116 est,
1222 2068 1259 2108 si
1291 2075 1472 2110 veteres
1517 2068 1606 2109 mel
1645 2081 1713 2109 se-

446 2163 677 2198 nectutem
708 2170 867 2197 sanam
903 2156 1086 2198 efficere
1118 2163 1418 2211 putaverunt;
1451 2172 1556 2199 nam
1590 2159 1714 2211 apud

447 2246 643 2287 Plinium
690 2247 895 2300 aliosque
944 2248 1103 2287 harum
1155 2260 1306 2288 rerum
1359 2253 1571 2288 auctores
1624 2247 1714 2287 mel

448 2335 587 2376 variis
619 2335 789 2376 morbis
821 2336 1025 2377 remedio
1059 2349 1160 2376 esse
1194 2335 1490 2377 existimatur.
1551 2335 1713 2389 Itaque

448 2424 619 2464 Plinius
653 2424 719 2478 (N.
742 2423 799 2465 H.
823 2423 908 2473 XI,
939 2424 1002 2478 14)
1037 2425 1094 2465 de
1126 2425 1261 2465 melle
1294 2424 1378 2465 ait:
