2042 3070
678 441 965 481 *494-

192 566 366 600 tentum
408 560 503 601 fuit.
573 559 776 613 (Appian
805 560 830 599 l.
856 560 882 600 l.
912 560 991 608 IV,
1025 573 1068 613 p.
1101 563 1183 611 306
1232 560 1354 600 idem
1397 561 1454 600 de

192 649 342 689 corvis
382 656 554 696 narrat,
596 663 710 702 quos
756 656 801 690 et
843 649 980 689 hodie
1034 649 1454 702 ,Ungliicksraben'

192 738 507 791 appellamus.)
589 738 708 778 Nam
759 737 1012 790 fugientem
1074 721 1250 791 equites
1301 738 1455 778 trium-

192 828 390 868 virorum
440 828 672 880 persecuti
730 827 1008 868 occiderunt.
1063 852 1117 855 ——
1165 827 1294 867 Idem
1345 840 1456 867 vero

190 916 234 957 in
283 917 594 970 ‚haruspicum
633 917 876 970 responso'
925 916 1079 969 apium
1123 917 1301 964 ominis,
1349 917 1456 957 alibi

191 1006 424 1054 militibus,
472 1006 546 1046 hic
594 1011 746 1046 autem
794 1006 877 1047 toti
925 1006 1097 1059 populo
1152 1019 1339 1046 romano
1392 1006 1455 1045 in-

189 1094 353 1143 felicis,
400 1095 502 1148 ipse
546 1094 822 1135 mentionem
865 1094 985 1135 fecit.
1056 1095 1147 1135 Eas
1196 1095 1313 1135 enim
1353 1108 1455 1135 cum

192 1197 427 1224 servorum
488 1184 791 1232 examinibus,
855 1198 973 1237 quae
1035 1184 1207 1237 populo
1264 1197 1452 1224 romano

191 1273 472 1314 imminentia
517 1274 563 1314 in
609 1274 740 1314 ludos
787 1273 1047 1326 irruperint,
1106 1280 1343 1327 comparat
1386 1275 1457 1314 his

191 1364 345 1404 verbis
398 1363 519 1417 (XII,
552 1376 618 1414 25.
646 1362 737 1416 26):
794 1361 863 1411 ‚Si
912 1376 1108 1403 examen
1156 1376 1294 1416 apum
1341 1363 1459 1404 ludis

190 1453 235 1493 in
284 1466 468 1494 scenam
516 1453 734 1499 venisset,
783 1452 1056 1505 haruspices
1104 1452 1351 1493 acciendos
1399 1466 1459 1492 ex

191 1543 374 1584 Etruria
420 1550 711 1596 putaremus:
762 1542 976 1582 videmus
1022 1541 1221 1582 universi
1268 1550 1460 1595 repente

192 1633 406 1673 examina
455 1638 584 1672 tanta
633 1645 867 1671 servorum
910 1629 1110 1670 immissa
1153 1631 1197 1670 in
1239 1630 1459 1683 populum

191 1735 430 1762 romanum
464 1729 673 1774 saeptum
708 1726 847 1773 atque
881 1720 1105 1760 inclusum
1139 1727 1185 1760 et
1215 1733 1305 1759 non
1340 1733 1460 1760 com-

191 1812 456 1852 movemur?
488 1810 642 1864 Atque
674 1810 719 1850 in
741 1824 880 1863 apum
903 1809 1099 1850 fortasse
1131 1810 1343 1850 examine
1376 1823 1459 1850 nos

194 1914 255 1940 ex
282 1900 576 1941 Etruseorum
610 1900 790 1954 scriptis
822 1899 1105 1952 haruspices,
1138 1906 1187 1940 ut
1216 1913 1243 1939 a
1273 1899 1459 1939 servitio

194 2002 482 2037 caveremuS‚
524 1996 774 2029 monerent.
846 1986 981 2040 Quod
1020 1988 1161 2041 igitur
1208 2001 1268 2028 ex
1308 1988 1460 2041 aliquo

195 2078 421 2119 disiuncto
450 2079 722 2131 diversoque
751 2083 953 2117 monstro
988 2075 1293 2130 significatum
1327 2091 1460 2117 cave-

194 2181 357 2216 remus,
392 2167 437 2207 id
471 2181 572 2208 curn
601 2168 750 2220 ipsum
783 2165 867 2206 sibi
898 2173 1147 2206 monstrum
1181 2171 1250 2205 est
1282 2171 1327 2206 et
1360 2179 1461 2205 cum

194 2257 236 2296 in
262 2271 316 2296 eo
339 2257 440 2309 ipso
464 2256 716 2310 periculum
750 2261 832 2303 est,
867 2269 927 2295 ex
950 2267 1040 2307 quo
1072 2254 1325 2307 periculum
1358 2267 1461 2307 por-

194 2346 405 2393 tenditur,
439 2359 529 2385 non
562 2343 991 2399 pertimescamUSP’
1024 2368 1080 2374 —

284 2435 409 2476 Ante
438 2448 642 2487 pugnam
667 2448 849 2488 quoque
881 2434 939 2473 ad
962 2433 1202 2486 Philippos
1225 2431 1303 2485 (AO
1323 2431 1463 2471 XLII

1206 2514 1226 2543 4
