2042 3070
949 438 1266 479 *102*-

477 550 714 603 ἀκούουσιν,
749 553 824 594 καὶ
857 555 1026 608 πότερον
1062 554 1108 595 δι’
1144 551 1290 610 ἡδονὴν
1325 560 1450 597 τοῦτο
1485 560 1674 605 ποιοῦσιν,
1711 551 1738 609 ἣ

478 636 545 680 διὰ
575 639 723 695 φόβον]
754 665 808 669 -

570 736 628 776 Et
651 737 759 777 alibi
783 738 840 790 (p.
861 740 944 789 980
961 738 1001 778 B
1023 752 1072 790 24
1093 739 1162 778 ed.
1182 739 1406 793 Bekker):
1429 733 1557 787 ,...τὰ
1579 735 1722 792 ζῷα...

481 823 563 865 ὅσα
587 823 645 878 μὴ
667 823 843 865 δύναται
863 828 946 866 τῶν
969 824 1114 881 ψόφων
1136 822 1310 876 ἀκούειν,
1332 824 1412 868 οἷον
1431 826 1672 881 μέλιτι-σι’...
1698 853 1740 856 Η

482 912 600 953 Nam
621 913 771 953 Varro
795 914 910 955 haec
934 914 996 954 ait
1020 914 1092 968 (R.
1112 915 1171 956 R.
1196 915 1277 963 ΙΙΙ,
1302 918 1363 963 16,
1386 915 1449 968 7):
1483 947 1530 964 ,..
1546 929 1740 968 .apes...

484 1015 714 1042 musarum
763 1016 865 1043 esse
911 1003 1119 1044 dicuntur
1161 1004 1388 1052 volueres,
1437 1005 1577 1058 quod,
1626 1011 1670 1044 et
1711 1004 1746 1045 si

486 1092 667 1144 quando
709 1091 978 1145 displicatae
1016 1098 1136 1139 sunt,
1178 1093 1400 1146 cymbalis
1434 1099 1480 1134 et
1510 1092 1746 1147 plausibus

485 1194 676 1220 numero
707 1181 932 1222 reducunt
963 1181 1008 1222 in
1029 1183 1179 1223 locum
1209 1161 1374 1223 unum!
1409 1183 1465 1235 (v.
1490 1190 1547 1223 et.
1571 1182 1748 1236 Vergil.

488 1267 658 1322 Georg.
677 1269 756 1318 IV,
777 1273 843 1322 64,
864 1286 876 1310 1
889 1285 942 1322 50
956 1285 1076 1325 sqq.;
1101 1270 1234 1312 Ovid.
1253 1272 1375 1313 Fast.
1394 1272 1474 1318 III,
1492 1285 1595 1324 7393
1619 1271 1750 1313 Colu-

489 1358 606 1397 mell.
636 1358 720 1421 ΙΧ,
745 1362 762 1408 g
787 1373 855 1408 10;
892 1374 954 1408 12,
978 1364 996 1410 ἓ
1019 1375 1063 1409 23
1096 1361 1268 1402 Lucan.
1290 1361 1394 1401 bell.
1419 1361 1503 1402 ciV.
1536 1360 1621 1408 IX,
1646 1363 1750 1412 283;

489 1447 602 1488 Plin.
626 1423 755 1488 NH.
778 1448 862 1496 XI,
890 1462 963 1497 223
1004 1449 1423 1498 Declamationum,
1464 1462 1582 1502 quae
1616 1447 1752 1501 Quin-

491 1536 649 1577 tiliano
682 1537 1040 1587 ascribebantur,
1077 1538 1208 1590 xm,
1234 1553 1271 1590 3,
1296 1553 1342 1591 9;
1374 1538 1596 1579 claudian
1619 1539 1660 1580 d.
1684 1538 1753 1578 VI
1800 1521 1801 1524 ’

495 1639 616 1667 cons.
639 1626 811 1667 Honor.
846 1641 866 1667 2
874 1639 949 1679 59;
989 1625 1241 1679 Didymum
1272 1624 1317 1664 in
1350 1623 1495 1677 Geop.
1519 1624 1615 1664 libr.
1645 1623 1754 1672 XV,

496 1730 538 1768 3,
567 1719 586 1765 ἓ
613 1728 655 1767 7,
695 1716 772 1770 qui
810 1729 922 1770 apes
963 1715 1129 1769 partim
1167 1720 1340 1754 terrore
1379 1713 1545 1767 partim
1584 1713 1755 1767 gaudio

497 1810 729 1859 permotas
762 1804 976 1859 cymbala
1008 1803 1138 1857 sequi
1168 1810 1343 1856 putant.
1401 1801 1574 1843 Omnes
1606 1809 1758 1843 autem

500 1894 704 1935 auditum
736 1894 890 1948 apium
921 1898 1166 1941 testantur;
1208 1891 1323 1932 sicut
1360 1891 1539 1932 litterae
1571 1886 1759 1932 sancta'e

501 1984 547 2024 in
563 1984 733 2037 Proph.
751 1983 900 2024 Isaiae
911 1982 1013 2031 VII,
1030 1984 1092 2033 18,
1111 1987 1248 2035 atque
1265 1981 1313 2021 hi
1329 1980 1438 2021 loci:
1456 1980 1606 2020 Varro
1623 1979 1682 2020 R.
1699 1978 1759 2020 R.

501 2073 587 2123 III,
618 2076 680 2122 16,
714 2086 783 2122 123
825 2071 999 2125 Vergil.
1025 2071 1195 2124 Georg.
1225 2070 1305 2118 IV,
1336 2084 1436 2123 119;
1477 2068 1647 2110 Colum.
1676 2069 1762 2118 IX,

507 2174 544 2214 5,
570 2166 617 2211 63
648 2162 761 2203 Plin.
792 2161 845 2203 N.
864 2161 921 2202 H.
948 2161 1033 2210 XI,
1053 2174 1128 2209 213
1171 2159 1404 2200 Palladius
1436 2159 1512 2199 lib.
1543 2158 1584 2207 I,
1605 2158 1667 2199 lit.
1698 2171 1764 2210 37,

507 2251 583 2305 qui
616 2264 727 2304 apes
759 2250 1006 2304 imaginem
1038 2249 1165 2290 vocis
1203 2249 1356 2289 odisse
1396 2251 1676 2300 memorant).
1709 2271 1764 2276 —

597 2341 754 2394 Atque
777 2340 998 2381 Aelianus
1028 2339 1191 2391 apibus
1220 2333 1440 2390 ,φιλῳδὶαν
1467 2332 1543 2375 καὶ
1570 2333 1766 2388 φιλομου-

511 2428 625 2471 σίαν’
657 2428 860 2470 attribuit
892 2434 937 2470 et
969 2427 1095 2469 addit
1129 2426 1202 2482 (A.
1220 2427 1277 2467 H.
1296 2426 1352 2476 V,
1377 2426 1440 2480 13)
1473 2426 1610 2466 haec:
