2042 3070
717 424 1005 465 *354-

229 542 392 583 similia
428 543 652 596 plurima’.
687 567 741 572 ——
776 541 1085 595 Quamobrem
1116 543 1281 597 Bailey
1314 543 1491 596 (Hiero-

228 633 388 685 glyph.
422 632 553 685 origo
587 640 633 673 et
664 637 838 672 natura.
903 631 1184 686 Cambridge
1213 634 1319 672 1816
1350 646 1393 684 p.
1415 645 1490 683 52;

229 724 282 772 64
303 721 415 774 sqq.)
456 735 592 774 apem
630 721 674 760 in
712 721 914 762 obelisco
946 722 1170 762 Flaminio
1201 722 1490 762 Pharaonem

227 809 505 850 Ramassem
534 823 695 863 regem
724 809 984 863 significare
1007 805 1219 863 opinatur
1241 811 1297 863 (v,
1322 817 1378 851 et.
1403 811 1490 850 hoc

228 900 285 938 de
332 900 541 952 symbolo
580 899 817 952 Horapoll.
865 899 904 939 d.
957 898 1150 952 hierogl.
1190 898 1400 953 Aegypt.
1446 906 1490 939 et

227 986 433 1028 Creuzer.
457 987 615 1042 Symb.
634 988 688 1035 II,
716 1001 810 1038 213,
832 987 942 1038 214).
992 987 1051 1028 Et
1072 987 1121 1027 E.
1142 986 1333 1034 Curtius,
1356 1000 1490 1040 grae-

226 1089 381 1116 carum
412 1090 561 1116 rerum
595 1075 919 1117 celeberrimus
952 1075 1159 1128 scriptor,
1194 1075 1239 1115 in
1269 1076 1490 1128 opusculo

227 1178 308 1205 suo
331 1158 472 1213 ‚Uber
492 1164 953 1217 Wappengebrauch
984 1165 1077 1203 und
1100 1163 1398 1216 Wappenstil
1430 1164 1490 1203 im

225 1253 548 1306 griechischen
571 1252 848 1293 Alterthum'
878 1251 1095 1305 inscripto
1120 1252 1175 1306 (v,
1194 1252 1428 1293 Abhandl.
1447 1254 1489 1292 d.

224 1341 514 1395 philos-hist.
536 1342 709 1382 Klasse
739 1343 781 1383 d.
812 1341 925 1382 berl.
948 1341 1103 1383 Akad.
1136 1343 1177 1382 d.
1201 1342 1488 1382 Wissensch.

230 1433 355 1482 1874,
394 1430 440 1472 S.
467 1430 536 1484 93)
580 1431 739 1471 docet:
791 1430 872 1478 ,Es
915 1431 1009 1483 gab
1053 1430 1269 1479 Zeichen,
1312 1433 1489 1473 welche

224 1521 315 1560 den
353 1519 500 1561 Stand
543 1521 625 1560 des
662 1520 861 1561 Fiirsten
907 1519 1240 1569 ausdriickten‚
1282 1521 1369 1560 wie
1409 1521 1490 1560 der

223 1610 489 1650 Buchstabe
525 1618 563 1656 ss
601 1608 682 1649 auf
717 1609 806 1648 den
843 1608 1144 1662 Kyprischen
1176 1609 1491 1649 Denkm'alern

226 1696 314 1745 (BA
343 1715 398 1731 =
427 1695 659 1751 βασιλεύς),
706 1697 792 1737 wie
840 1698 923 1737 das
971 1684 1076 1737 Bild
1123 1699 1205 1738 der
1251 1698 1398 1739 Biene
1444 1699 1491 1739 in

222 1784 502 1839 Aegypten;
526 1798 576 1825 So
600 1786 681 1825 der
696 1785 844 1826 Adler
866 1786 948 1826 auf
966 1786 1490 1828 Ptolemaermiinzen'...

312 1874 474 1926 Itaque
509 1874 672 1913 eadem
704 1874 879 1915 ratione
913 1889 1049 1928 apem
1072 1889 1265 1928 quoque,
1300 1890 1418 1929 quae
1445 1877 1489 1916 in

222 1962 416 2002 nummis
456 1963 659 2016 Philippi
690 1963 1041 2017 Alexandrique
1093 1965 1278 2017 saepius
1325 1970 1490 2012 exstat,

225 2051 543 2105 accipiendam
561 2065 664 2092 esse
682 2053 1057 2093 verisimillimum
1073 2054 1204 2094 nobis
1222 2054 1414 2095 videtur.
1433 2079 1490 2083 —

312 2141 415 2181 Hac
439 2155 499 2181 ex
531 2140 866 2194 significatione
898 2142 1151 2195 symbolica
1179 2144 1333 2196 apium
1361 2134 1510 2183 ducis⁴

224 2230 451 2270 sententia
482 2238 591 2271 nata
624 2237 706 2278 est,
739 2244 856 2283 quae
891 2244 1046 2271 earum
1080 2245 1276 2272 examen
1306 2232 1381 2271 vel
1410 2232 1489 2271 irn-

223 2319 486 2370 peratoriae
519 2320 593 2359 vel
624 2319 784 2372 regiae
818 2319 1068 2372 dignitatis,
1110 2329 1275 2373 postea
1307 2321 1489 2361 omnino

222 2409 466 2459 potestatis
502 2409 852 2461 divitiarumque
885 2422 1017 2449 omen
1052 2424 1154 2448 ess-e
1187 2410 1352 2450 docuit.
1401 2410 1489 2450 Ita-

1237 2482 1275 2501 “ze

1238 2502 1251 2522 2
