<?xml version="1.0" encoding="UTF-8"?>
<!DOCTYPE html PUBLIC "-//W3C//DTD XHTML 1.0 Transitional//EN"
    "http://www.w3.org/TR/xhtml1/DTD/xhtml1-transitional.dtd">
<html xmlns="http://www.w3.org/1999/xhtml" xml:lang="en" lang="en">
 <head>
  <title>
</title>
<meta http-equiv="Content-Type" content="text/html;charset=utf-8" />
  <meta name='ocr-system' content='tesseract 3.04.00' />
  <meta name='ocr-capabilities' content='ocr_page ocr_carea ocr_par ocr_line ocrx_word'/>
</head>
<body>
  <div class='ocr_page' id='page_1' title='image "./deapiummellisqve00robeuoft_0043.png"; bbox 0 0 2042 3070; ppageno 0'>
   <div class='ocr_carea' id='block_1_1' title="bbox 722 394 1009 433">
    <p class='ocr_par' dir='ltr' id='par_1_1' title="bbox 722 394 1009 433">
     <span class='ocr_line' id='line_1_1' title="bbox 722 394 1009 433; baseline 0 -5"><span class='ocrx_word' id='word_1_1' title='bbox 722 394 1009 433; x_wconf 32' lang='lat' dir='ltr'>&amp;⁴39ae</span> 
     </span>
    </p>
   </div>
   <div class='ocr_carea' id='block_1_2' title="bbox 222 511 1527 2351">
    <p class='ocr_par' dir='ltr' id='par_1_2' title="bbox 229 511 1496 1089">
     <span class='ocr_line' id='line_1_2' title="bbox 233 511 1496 564; baseline 0 -12"><span class='ocrx_word' id='word_1_2' title='bbox 233 513 290 553; x_wconf 87' lang='lat' dir='ltr'>tis</span> <span class='ocrx_word' id='word_1_3' title='bbox 334 520 459 553; x_wconf 88' lang='lat' dir='ltr'>ortus</span> <span class='ocrx_word' id='word_1_4' title='bbox 498 513 772 552; x_wconf 89' lang='lat' dir='ltr'>documento</span> <span class='ocrx_word' id='word_1_5' title='bbox 809 511 965 552; x_wconf 87' lang='lat' dir='ltr'>fabula</span> <span class='ocrx_word' id='word_1_6' title='bbox 1009 511 1140 551; x_wconf 87' lang='lat' dir='ltr'>nobis</span> <span class='ocrx_word' id='word_1_7' title='bbox 1189 525 1291 551; x_wconf 86' lang='lat' dir='ltr'>esse</span> <span class='ocrx_word' id='word_1_8' title='bbox 1330 518 1496 564; x_wconf 86' lang='lat' dir='ltr'>potest,</span> 
     </span>
     <span class='ocr_line' id='line_1_3' title="bbox 233 600 1493 654; baseline -0.001 -12"><span class='ocrx_word' id='word_1_9' title='bbox 233 615 352 654; x_wconf 85' lang='lat' dir='ltr'>quae</span> <span class='ocrx_word' id='word_1_10' title='bbox 375 608 529 642; x_wconf 85' lang='lat' dir='ltr'>narrat</span> <span class='ocrx_word' id='word_1_11' title='bbox 552 602 606 653; x_wconf 90' lang='lat' dir='ltr'>(V.</span> <span class='ocrx_word' id='word_1_12' title='bbox 629 601 930 654; x_wconf 86' lang='lat' dir='ltr'>Magerstedt.</span> <span class='ocrx_word' id='word_1_13' title='bbox 954 601 980 641; x_wconf 95' lang='grc'>1.</span> <span class='ocrx_word' id='word_1_14' title='bbox 999 601 1025 641; x_wconf 94' lang='lat' dir='ltr'>l.</span> <span class='ocrx_word' id='word_1_15' title='bbox 1050 615 1092 653; x_wconf 93' lang='lat' dir='ltr'>p.</span> <span class='ocrx_word' id='word_1_16' title='bbox 1114 601 1196 653; x_wconf 75' lang='lat'>34),</span> <span class='ocrx_word' id='word_1_17' title='bbox 1219 600 1493 641; x_wconf 70' lang='lat' dir='ltr'>Michaelem</span> 
     </span>
     <span class='ocr_line' id='line_1_4' title="bbox 234 689 1493 742; baseline 0 -12"><span class='ocrx_word' id='word_1_18' title='bbox 234 690 527 731; x_wconf 82' lang='lat' dir='ltr'>Thomasium</span> <span class='ocrx_word' id='word_1_19' title='bbox 555 689 991 738; x_wconf 80' lang='lat' dir='ltr'>VVisniowieckium,</span> <span class='ocrx_word' id='word_1_20' title='bbox 1025 689 1100 742; x_wconf 90' lang='lat' dir='ltr'>qui</span> <span class='ocrx_word' id='word_1_21' title='bbox 1134 689 1372 730; x_wconf 90' lang='lat' dir='ltr'>millesimo</span> <span class='ocrx_word' id='word_1_22' title='bbox 1401 704 1493 730; x_wconf 91' lang='lat' dir='ltr'>ses-</span> 
     </span>
     <span class='ocr_line' id='line_1_5' title="bbox 233 779 1494 833; baseline 0 -13"><span class='ocrx_word' id='word_1_23' title='bbox 233 779 482 820; x_wconf 76' lang='lat' dir='ltr'>centesimo</span> <span class='ocrx_word' id='word_1_24' title='bbox 521 779 816 833; x_wconf 88' lang='lat' dir='ltr'>sexagesimo</span> <span class='ocrx_word' id='word_1_25' title='bbox 854 792 974 819; x_wconf 91' lang='lat' dir='ltr'>nono</span> <span class='ocrx_word' id='word_1_26' title='bbox 1013 779 1238 832; x_wconf 91' lang='lat' dir='ltr'>p..Chr.n.</span> <span class='ocrx_word' id='word_1_27' title='bbox 1279 792 1398 819; x_wconf 90' lang='lat' dir='ltr'>anno</span> <span class='ocrx_word' id='word_1_28' title='bbox 1429 780 1494 820; x_wconf 69' lang='lat' dir='ltr'>Io„</span> 
     </span>
     <span class='ocr_line' id='line_1_6' title="bbox 230 868 1492 922; baseline -0.001 -13"><span class='ocrx_word' id='word_1_29' title='bbox 230 869 465 910; x_wconf 84' lang='lat' dir='ltr'>Kasimiro</span> <span class='ocrx_word' id='word_1_30' title='bbox 506 869 743 917; x_wconf 89' lang='lat' dir='ltr'>successit,</span> <span class='ocrx_word' id='word_1_31' title='bbox 791 876 1039 922; x_wconf 88' lang='lat' dir='ltr'>propterea</span> <span class='ocrx_word' id='word_1_32' title='bbox 1079 868 1296 909; x_wconf 88' lang='lat' dir='ltr'>Poloniae</span> <span class='ocrx_word' id='word_1_33' title='bbox 1333 882 1492 922; x_wconf 88' lang='lat' dir='ltr'>regem</span> 
     </span>
     <span class='ocr_line' id='line_1_7' title="bbox 229 957 1492 1012; baseline 0 -14"><span class='ocrx_word' id='word_1_34' title='bbox 229 957 400 999; x_wconf 85' lang='lat' dir='ltr'>factum</span> <span class='ocrx_word' id='word_1_35' title='bbox 423 972 538 1006; x_wconf 90' lang='lat' dir='ltr'>esse,</span> <span class='ocrx_word' id='word_1_36' title='bbox 572 959 695 1012; x_wconf 87' lang='lat' dir='ltr'>quod</span> <span class='ocrx_word' id='word_1_37' title='bbox 722 958 767 999; x_wconf 92' lang='lat' dir='ltr'>in</span> <span class='ocrx_word' id='word_1_38' title='bbox 790 957 1010 1011; x_wconf 82' lang='lat' dir='ltr'>suffragio</span> <span class='ocrx_word' id='word_1_39' title='bbox 1041 957 1190 1011; x_wconf 85' lang='lat' dir='ltr'>apium</span> <span class='ocrx_word' id='word_1_40' title='bbox 1220 971 1416 998; x_wconf 81' lang='lat' dir='ltr'>examen</span> <span class='ocrx_word' id='word_1_41' title='bbox 1448 958 1492 998; x_wconf 91' lang='lat' dir='ltr'>in</span> 
     </span>
     <span class='ocr_line' id='line_1_8' title="bbox 230 1047 668 1089; baseline 0.002 -2"><span class='ocrx_word' id='word_1_42' title='bbox 230 1061 285 1087; x_wconf 92' lang='lat' dir='ltr'>eo</span> <span class='ocrx_word' id='word_1_43' title='bbox 318 1047 580 1089; x_wconf 77' lang='lat' dir='ltr'>assedisset.</span> <span class='ocrx_word' id='word_1_44' title='bbox 613 1071 668 1076; x_wconf 89' lang='lat'>—</span> 
     </span>
    </p>

    <p class='ocr_par' dir='ltr' id='par_1_3' title="bbox 225 1134 1527 2083">
     <span class='ocr_line' id='line_1_9' title="bbox 319 1134 1494 1191; baseline 0.001 -15"><span class='ocrx_word' id='word_1_45' title='bbox 319 1134 545 1188; x_wconf 76' lang='lat' dir='ltr'>Quoniam</span> <span class='ocrx_word' id='word_1_46' title='bbox 579 1135 961 1191; x_wconf 88' lang='lat' dir='ltr'>significationem</span> <span class='ocrx_word' id='word_1_47' title='bbox 1004 1137 1306 1191; x_wconf 79' lang='lat' dir='ltr'>symbolicam</span> <span class='ocrx_word' id='word_1_48' title='bbox 1339 1137 1494 1190; x_wconf 88' lang='lat' dir='ltr'>apium</span> 
     </span>
     <span class='ocr_line' id='line_1_10' title="bbox 229 1225 1493 1279; baseline 0.001 -14"><span class='ocrx_word' id='word_1_49' title='bbox 229 1225 358 1266; x_wconf 87' lang='lat' dir='ltr'>ducis</span> <span class='ocrx_word' id='word_1_50' title='bbox 391 1232 437 1266; x_wconf 84' lang='lat' dir='ltr'>et</span> <span class='ocrx_word' id='word_1_51' title='bbox 469 1239 603 1266; x_wconf 90' lang='lat' dir='ltr'>omen</span> <span class='ocrx_word' id='word_1_52' title='bbox 643 1226 865 1267; x_wconf 78' lang='lat' dir='ltr'>examinis</span> <span class='ocrx_word' id='word_1_53' title='bbox 903 1226 1091 1279; x_wconf 84' lang='lat' dir='ltr'>regibus</span> <span class='ocrx_word' id='word_1_54' title='bbox 1129 1234 1174 1267; x_wconf 89' lang='lat' dir='ltr'>et</span> <span class='ocrx_word' id='word_1_55' title='bbox 1211 1226 1493 1279; x_wconf 88' lang='lat' dir='ltr'>imperatori-</span> 
     </span>
     <span class='ocr_line' id='line_1_11' title="bbox 228 1314 1492 1369; baseline 0.001 -14"><span class='ocrx_word' id='word_1_56' title='bbox 228 1316 314 1355; x_wconf 86' lang='lat' dir='ltr'>bus</span> <span class='ocrx_word' id='word_1_57' title='bbox 342 1314 503 1356; x_wconf 88' lang='lat' dir='ltr'>futuris</span> <span class='ocrx_word' id='word_1_58' title='bbox 529 1315 727 1356; x_wconf 86' lang='lat' dir='ltr'>faustum</span> <span class='ocrx_word' id='word_1_59' title='bbox 757 1316 1066 1363; x_wconf 87' lang='lat' dir='ltr'>tractavimus,</span> <span class='ocrx_word' id='word_1_60' title='bbox 1098 1315 1187 1355; x_wconf 88' lang='lat' dir='ltr'>iam</span> <span class='ocrx_word' id='word_1_61' title='bbox 1208 1314 1331 1356; x_wconf 90' lang='lat' dir='ltr'>fures</span> <span class='ocrx_word' id='word_1_62' title='bbox 1361 1329 1492 1369; x_wconf 89' lang='lat' dir='ltr'>apes-</span> 
     </span>
     <span class='ocr_line' id='line_1_12' title="bbox 227 1405 1493 1458; baseline 0.001 -13"><span class='ocrx_word' id='word_1_63' title='bbox 227 1418 317 1458; x_wconf 87' lang='lat' dir='ltr'>que</span> <span class='ocrx_word' id='word_1_64' title='bbox 349 1405 650 1458; x_wconf 81' lang='lat' dir='ltr'>contemplari</span> <span class='ocrx_word' id='word_1_65' title='bbox 679 1405 900 1454; x_wconf 86' lang='lat' dir='ltr'>volumus,</span> <span class='ocrx_word' id='word_1_66' title='bbox 933 1417 1124 1458; x_wconf 90' lang='lat' dir='ltr'>quorum</span> <span class='ocrx_word' id='word_1_67' title='bbox 1157 1418 1296 1445; x_wconf 84' lang='lat' dir='ltr'>sexus</span> <span class='ocrx_word' id='word_1_68' title='bbox 1328 1406 1493 1446; x_wconf 84' lang='lat' dir='ltr'>veteri-</span> 
     </span>
     <span class='ocr_line' id='line_1_13' title="bbox 226 1493 1493 1548; baseline 0.001 -14"><span class='ocrx_word' id='word_1_69' title='bbox 226 1495 312 1534; x_wconf 88' lang='lat' dir='ltr'>bus</span> <span class='ocrx_word' id='word_1_70' title='bbox 336 1493 500 1534; x_wconf 88' lang='lat' dir='ltr'>dubius</span> <span class='ocrx_word' id='word_1_71' title='bbox 528 1494 820 1546; x_wconf 85' lang='lat' dir='ltr'>incertusque</span> <span class='ocrx_word' id='word_1_72' title='bbox 848 1493 989 1534; x_wconf 89' lang='lat' dir='ltr'>fuisse</span> <span class='ocrx_word' id='word_1_73' title='bbox 1013 1493 1204 1542; x_wconf 89' lang='lat' dir='ltr'>videtur,</span> <span class='ocrx_word' id='word_1_74' title='bbox 1238 1494 1276 1534; x_wconf 90' lang='lat' dir='ltr'>si</span> <span class='ocrx_word' id='word_1_75' title='bbox 1308 1495 1493 1548; x_wconf 90' lang='lat' dir='ltr'>quidem</span> 
     </span>
     <span class='ocr_line' id='line_1_14' title="bbox 226 1582 1493 1637; baseline 0.002 -15"><span class='ocrx_word' id='word_1_76' title='bbox 226 1583 270 1622; x_wconf 91' lang='lat' dir='ltr'>in</span> <span class='ocrx_word' id='word_1_77' title='bbox 302 1582 557 1624; x_wconf 85' lang='lat' dir='ltr'>Aristotele</span> <span class='ocrx_word' id='word_1_78' title='bbox 604 1582 796 1636; x_wconf 86' lang='lat' dir='ltr'>aliisque</span> <span class='ocrx_word' id='word_1_79' title='bbox 838 1582 905 1622; x_wconf 91' lang='lat' dir='ltr'>rei</span> <span class='ocrx_word' id='word_1_80' title='bbox 951 1583 1150 1624; x_wconf 82' lang='lat' dir='ltr'>rusticae</span> <span class='ocrx_word' id='word_1_81' title='bbox 1194 1583 1493 1637; x_wconf 88' lang='lat' dir='ltr'>scriptoribus</span> 
     </span>
     <span class='ocr_line' id='line_1_15' title="bbox 226 1671 1527 1726; baseline 0.002 -14"><span class='ocrx_word' id='word_1_82' title='bbox 226 1672 378 1712; x_wconf 87' lang='lat' dir='ltr'>varias</span> <span class='ocrx_word' id='word_1_83' title='bbox 412 1685 466 1712; x_wconf 87' lang='lat' dir='ltr'>ac</span> <span class='ocrx_word' id='word_1_84' title='bbox 489 1671 694 1713; x_wconf 87' lang='lat' dir='ltr'>diversas</span> <span class='ocrx_word' id='word_1_85' title='bbox 721 1673 809 1713; x_wconf 88' lang='lat' dir='ltr'>hac</span> <span class='ocrx_word' id='word_1_86' title='bbox 834 1673 892 1712; x_wconf 90' lang='lat' dir='ltr'>de</span> <span class='ocrx_word' id='word_1_87' title='bbox 921 1685 970 1712; x_wconf 88' lang='lat' dir='ltr'>re</span> <span class='ocrx_word' id='word_1_88' title='bbox 999 1673 1250 1714; x_wconf 88' lang='lat' dir='ltr'>sententias</span> <span class='ocrx_word' id='word_1_89' title='bbox 1279 1673 1491 1726; x_wconf 87' lang='lat' dir='ltr'>legimus.</span> <span class='ocrx_word' id='word_1_90' title='bbox 1523 1671 1527 1674; x_wconf 21' lang='grc' dir='ltr'><strong>Α</strong></span> 
     </span>
     <span class='ocr_line' id='line_1_16' title="bbox 225 1761 1490 1815; baseline 0.002 -13"><span class='ocrx_word' id='word_1_91' title='bbox 225 1761 402 1802; x_wconf 82' lang='lat' dir='ltr'>Harum</span> <span class='ocrx_word' id='word_1_92' title='bbox 424 1774 534 1802; x_wconf 86' lang='lat' dir='ltr'>vero</span> <span class='ocrx_word' id='word_1_93' title='bbox 559 1761 891 1802; x_wconf 87' lang='lat' dir='ltr'>dissensionum</span> <span class='ocrx_word' id='word_1_94' title='bbox 921 1762 1190 1815; x_wconf 79' lang='lat' dir='ltr'>explanatio</span> <span class='ocrx_word' id='word_1_95' title='bbox 1220 1763 1353 1803; x_wconf 93' lang='lat' dir='ltr'>nobis</span> <span class='ocrx_word' id='word_1_96' title='bbox 1375 1763 1490 1804; x_wconf 87' lang='lat' dir='ltr'>refe-</span> 
     </span>
     <span class='ocr_line' id='line_1_17' title="bbox 225 1851 1489 1905; baseline 0.002 -13"><span class='ocrx_word' id='word_1_97' title='bbox 225 1853 369 1893; x_wconf 85' lang='lat' dir='ltr'>renda</span> <span class='ocrx_word' id='word_1_98' title='bbox 401 1858 544 1899; x_wconf 88' lang='lat' dir='ltr'>esset,</span> <span class='ocrx_word' id='word_1_99' title='bbox 582 1851 620 1891; x_wconf 90' lang='lat' dir='ltr'>si</span> <span class='ocrx_word' id='word_1_100' title='bbox 659 1852 716 1891; x_wconf 91' lang='lat' dir='ltr'>de</span> <span class='ocrx_word' id='word_1_101' title='bbox 755 1858 946 1892; x_wconf 89' lang='lat' dir='ltr'>naturae</span> <span class='ocrx_word' id='word_1_102' title='bbox 987 1852 1249 1905; x_wconf 84' lang='lat' dir='ltr'>cognitione</span> <span class='ocrx_word' id='word_1_103' title='bbox 1282 1859 1489 1894; x_wconf 87' lang='lat' dir='ltr'>veterum</span> 
     </span>
     <span class='ocr_line' id='line_1_18' title="bbox 225 1940 1488 1995; baseline 0.002 -14"><span class='ocrx_word' id='word_1_104' title='bbox 225 1940 551 1982; x_wconf 87' lang='lat' dir='ltr'>scriberemus:</span> <span class='ocrx_word' id='word_1_105' title='bbox 597 1941 678 1981; x_wconf 90' lang='lat' dir='ltr'>sed</span> <span class='ocrx_word' id='word_1_106' title='bbox 712 1955 739 1981; x_wconf 87' lang='lat' dir='ltr'>a</span> <span class='ocrx_word' id='word_1_107' title='bbox 770 1954 819 1981; x_wconf 89' lang='lat' dir='ltr'>re</span> <span class='ocrx_word' id='word_1_108' title='bbox 852 1940 1090 1994; x_wconf 87' lang='lat' dir='ltr'>proposita</span> <span class='ocrx_word' id='word_1_109' title='bbox 1131 1941 1282 1982; x_wconf 85' lang='lat' dir='ltr'>aliena</span> <span class='ocrx_word' id='word_1_110' title='bbox 1314 1948 1397 1983; x_wconf 91' lang='lat' dir='ltr'>est.</span> <span class='ocrx_word' id='word_1_111' title='bbox 1432 1943 1488 1995; x_wconf 87' lang='lat' dir='ltr'>(V.</span> 
     </span>
     <span class='ocr_line' id='line_1_19' title="bbox 225 2030 1161 2083; baseline -0.001 -12"><span class='ocrx_word' id='word_1_112' title='bbox 225 2036 380 2071; x_wconf 88' lang='lat' dir='ltr'>autem</span> <span class='ocrx_word' id='word_1_113' title='bbox 412 2030 714 2083; x_wconf 88' lang='lat' dir='ltr'>Magerstedt.</span> <span class='ocrx_word' id='word_1_114' title='bbox 736 2030 763 2071; x_wconf 93' lang='grc'>1.</span> <span class='ocrx_word' id='word_1_115' title='bbox 787 2030 813 2070; x_wconf 91' lang='grc'>1.</span> <span class='ocrx_word' id='word_1_116' title='bbox 838 2043 881 2083; x_wconf 90' lang='lat' dir='ltr'>p.</span> <span class='ocrx_word' id='word_1_117' title='bbox 903 2044 967 2070; x_wconf 87' lang='lat'>21.</span> <span class='ocrx_word' id='word_1_118' title='bbox 989 2032 1055 2070; x_wconf 90' lang='lat'>28.</span> <span class='ocrx_word' id='word_1_119' title='bbox 1078 2030 1161 2083; x_wconf 84' lang='lat'><strong>37).</strong></span> 
     </span>
    </p>

    <p class='ocr_par' dir='ltr' id='par_1_4' title="bbox 222 2118 1487 2351">
     <span class='ocr_line' id='line_1_20' title="bbox 311 2118 1487 2174; baseline 0.002 -15"><span class='ocrx_word' id='word_1_120' title='bbox 311 2119 366 2160; x_wconf 94' lang='lat' dir='ltr'>Id</span> <span class='ocrx_word' id='word_1_121' title='bbox 388 2124 576 2168; x_wconf 88' lang='lat' dir='ltr'>tantum,</span> <span class='ocrx_word' id='word_1_122' title='bbox 611 2119 733 2172; x_wconf 89' lang='lat' dir='ltr'>quod</span> <span class='ocrx_word' id='word_1_123' title='bbox 757 2119 896 2160; x_wconf 90' lang='lat' dir='ltr'>etiam</span> <span class='ocrx_word' id='word_1_124' title='bbox 925 2133 986 2160; x_wconf 89' lang='lat' dir='ltr'>ex</span> <span class='ocrx_word' id='word_1_125' title='bbox 1008 2118 1344 2173; x_wconf 88' lang='lat' dir='ltr'>significatione</span> <span class='ocrx_word' id='word_1_126' title='bbox 1368 2134 1487 2174; x_wconf 89' lang='lat' dir='ltr'>sym-</span> 
     </span>
     <span class='ocr_line' id='line_1_21' title="bbox 222 2207 1487 2262; baseline 0.002 -14"><span class='ocrx_word' id='word_1_127' title='bbox 222 2208 374 2249; x_wconf 90' lang='lat' dir='ltr'>bolica</span> <span class='ocrx_word' id='word_1_128' title='bbox 420 2207 664 2261; x_wconf 89' lang='lat' dir='ltr'>triplicium</span> <span class='ocrx_word' id='word_1_129' title='bbox 716 2208 942 2249; x_wconf 85' lang='lat' dir='ltr'>examinis</span> <span class='ocrx_word' id='word_1_130' title='bbox 996 2222 1219 2262; x_wconf 86' lang='lat' dir='ltr'>generum</span> <span class='ocrx_word' id='word_1_131' title='bbox 1266 2209 1487 2262; x_wconf 85' lang='lat' dir='ltr'>colligere</span> 
     </span>
     <span class='ocr_line' id='line_1_22' title="bbox 222 2295 1486 2351; baseline 0.002 -15"><span class='ocrx_word' id='word_1_132' title='bbox 222 2310 479 2350; x_wconf 90' lang='lat' dir='ltr'>possumus,</span> <span class='ocrx_word' id='word_1_133' title='bbox 502 2295 666 2337; x_wconf 82' lang='lat' dir='ltr'>afferre</span> <span class='ocrx_word' id='word_1_134' title='bbox 689 2296 824 2337; x_wconf 91' lang='lat' dir='ltr'>libet:</span> <span class='ocrx_word' id='word_1_135' title='bbox 857 2304 1040 2338; x_wconf 87' lang='lat' dir='ltr'>veteres</span> <span class='ocrx_word' id='word_1_136' title='bbox 1064 2298 1227 2338; x_wconf 89' lang='lat' dir='ltr'>ducem</span> <span class='ocrx_word' id='word_1_137' title='bbox 1250 2304 1486 2351; x_wconf 91' lang='lat' dir='ltr'>potentem</span> 
     </span>
    </p>
   </div>
   <div class='ocr_carea' id='block_1_3' title="bbox 222 2385 1485 2441">
    <p class='ocr_par' dir='ltr' id='par_1_5' title="bbox 222 2385 1485 2441">
     <span class='ocr_line' id='line_1_23' title="bbox 222 2385 1485 2441; baseline 0.002 -16"><span class='ocrx_word' id='word_1_138' title='bbox 222 2410 278 2415; x_wconf 96' lang='lat'>—</span> <span class='ocrx_word' id='word_1_139' title='bbox 310 2393 360 2426; x_wconf 93' lang='lat' dir='ltr'>ut</span> <span class='ocrx_word' id='word_1_140' title='bbox 399 2399 538 2439; x_wconf 89' lang='lat' dir='ltr'>supra</span> <span class='ocrx_word' id='word_1_141' title='bbox 576 2385 772 2426; x_wconf 85' lang='lat' dir='ltr'>vidimus</span> <span class='ocrx_word' id='word_1_142' title='bbox 809 2411 866 2415; x_wconf 89' lang='lat'><strong>—</strong></span> <span class='ocrx_word' id='word_1_143' title='bbox 906 2387 1039 2435; x_wconf 85' lang='lat' dir='ltr'>virili,</span> <span class='ocrx_word' id='word_1_144' title='bbox 1087 2400 1200 2440; x_wconf 90' lang='lat' dir='ltr'>apes</span> <span class='ocrx_word' id='word_1_145' title='bbox 1240 2387 1485 2441; x_wconf 89' lang='lat' dir='ltr'>diligentes</span> 
     </span>
    </p>
   </div>
  </div>
 </body>
</html>
