2042 3070
940 437 1257 478 *1204-

468 558 662 598 collecto
710 557 783 608 (de
830 570 920 610 quo
960 570 1000 597 V.
1032 555 1337 609 Magerstedt.
1371 557 1397 596 1.
1412 556 1449 598 .1.
1486 569 1528 608 p.
1561 558 1628 597 86.
1659 556 1728 608 94)

469 660 780 700 equarumque
802 646 923 687 lacte
950 645 1129 694 aluisse,
1161 645 1467 686 Philostratus
1498 645 1561 686 ita
1591 644 1732 686 refert

469 735 665 789 (Heroic.
692 749 728 776 c.
751 735 889 784 XIX,
912 739 931 785 ἓ
955 749 1003 787 19
1035 749 1078 788 p.
1101 747 1121 786 7
1130 734 1221 786 50):

554 855 562 863 .
580 855 587 862 .
603 855 611 863 .
628 821 903 877 ,τρέφουσι...
924 823 1233 877 (Amazones).
1248 855 1280 865 ..
1301 817 1361 862 τὰ
1388 820 1523 877 βρέφη,
1540 817 1734 875 γάλακτί

470 924 517 951 τε
555 908 773 966 φορβάδων
812 908 944 952 ἵππων
985 909 1060 951 καὶ
1106 910 1252 965 δρόσου
1291 909 1461 965 κηρίοις,
1503 908 1531 964 ἢ
1570 909 1735 964 μέλιτος

471 995 586 1051 δίκην
616 994 681 1038 ἐπὶ
709 996 806 1048 τοὺς
836 996 1016 1047 δόνακας
1045 999 1130 1037 τῶν
1159 999 1360 1050 ποταμῶν
1391 993 1540 1051 ἱζάνει]
1562 1020 1616 1024 -

560 1092 718 1146 Atque
752 1093 890 1134 etiam
921 1093 966 1132 in
999 1091 1247 1134 Germania
1277 1098 1436 1132 vetere
1468 1092 1560 1132 mel
1591 1090 1735 1132 infan-

472 1183 583 1224 tium
613 1183 876 1223 alimentum
903 1182 1057 1231 fuisse,
1090 1156 1337 1223 Grimmius
1366 1181 1454 1222 hoc
1477 1181 1579 1222 loco
1603 1181 1740 1222 docet

473 1272 727 1326 (Deutsche
748 1272 1113 1313 Rechtsalterth.
1139 1285 1182 1324 p.
1203 1271 1323 1324 457):
1362 1303 1488 1320 .....
1498 1271 1596 1311 Der
1618 1270 1739 1311 Aus-

474 1361 669 1414 setzling
708 1360 857 1401 durfte
896 1361 1014 1401 auch
1053 1360 1175 1401 noch
1207 1373 1294 1413 gar
1325 1359 1474 1400 nichts
1507 1372 1739 1412 genossen

475 1451 648 1503 haben3
689 1450 761 1491 ein
792 1449 995 1503 Tropfen
1027 1449 1170 1490 Milch
1202 1449 1314 1489 oder
1344 1449 1503 1502 Honig
1542 1448 1737 1490 sicherte

475 1539 569 1580 ihm
608 1538 704 1579 sein
736 1539 906 1579 Leben.
969 1538 1083 1579 Dies
1120 1538 1235 1578 wird
1278 1538 1422 1578 durch
1461 1537 1562 1578 eine
1595 1535 1738 1578 Stelle

476 1628 520 1668 in
568 1628 672 1667 dem
705 1604 865 1668 Leben
913 1628 995 1668 des
1042 1626 1245 1680 heiligen
1284 1625 1491 1679 Ludiger
1536 1625 1609 1665 fiir
1651 1626 1741 1665 den

478 1716 813 1758 altfriesischen
859 1710 1283 1769 Rechtsgebrauch
1332 1713 1621 1755 vortrefflich
1673 1727 1740 1754 er-

477 1806 668 1847 leiutert.
693 1838 730 1847 ..
773 1806 818 1846 in
851 1807 931 1846 der
963 1806 1060 1846 vita
1091 1806 1168 1846 lib.
1192 1805 1214 1845 Ι
1247 1818 1348 1857 cap.
1375 1817 1395 1843 2
1432 1803 1522 1857 (bei
1552 1803 1743 1844 Brower

478 1908 521 1947 p.
547 1869 643 1946 37):
683 1894 833 1935 vicina
863 1894 1030 1935 mulier
1065 1894 1331 1947 supervenit
1364 1899 1410 1934 et
1441 1873 1768 1933 miserescens‘*

478 1984 721 2037 parvulum
743 1985 801 2024 de
830 1997 967 2024 manu
998 1983 1250 2037 mergentis
1283 1983 1448 2037 eripuit
1480 1988 1526 2022 et
1558 1983 1763 2022 domum—

481 2072 723 2126 aufugiens
770 2071 969 2126 ‚parum'
1007 2072 1116 2113 fecit
1155 2078 1364 2126 ‚gustare
1402 2069 1589 2119 mellis';
1638 2083 1744 2110 nam

482 2162 625 2202 semel
657 2168 898 2215 gustantes
939 2161 1110 2215 aliquid
1148 2160 1342 2201 infantes
1377 2160 1501 2213 apud
1532 2171 1745 2213 paganos

482 2263 649 2291 necare
692 2250 895 2291 illicitum
944 2249 1062 2292 erat'
1111 2250 1165 2304 (v.
1195 2250 1300 2290 ibid.
1333 2262 1377 2302 p.
1412 2251 1494 2300 458
1529 2248 1666 2288 Anm.
1701 2253 1746 2287 et

483 2338 689 2382 Creuzer.
715 2339 872 2395 Symb.
896 2339 976 2389 IV,
1001 2339 1115 2393 391).
1152 2363 1203 2368 --

573 2427 721 2481 Quem
774 2443 946 2470 morem
997 2428 1237 2470 infantium
1293 2427 1428 2468 melle
1481 2426 1747 2467 alendorum
