2042 3070
1428 597 1432 600 .
1677 570 1746 603 Pag.

512 618 565 647 De
584 617 698 647 cicada
717 617 750 647 in
770 617 915 647 nummis
934 617 1250 657 Metapontinorum
1277 616 1361 647 falso
1386 617 1557 648 intellecta

653 682 811 723 (Aradus.
856 680 1031 723 Smyrna).
1070 707 1077 713 .
1122 708 1128 713 .
1167 708 1172 713 .
1213 707 1220 714 .
1263 707 1269 712 .
1308 708 1314 713 .
1355 708 1361 713 .
1404 707 1410 711 .
1449 708 1456 714 .
1498 708 1503 713 .
1544 708 1550 715 .
1601 681 1783 724 167—168

512 747 564 776 De
591 756 655 785 ape
681 746 715 776 in
742 746 886 777 nummis
913 746 1177 777 Atheniensium
1205 751 1353 777 exstante
1453 773 1459 777 .
1499 773 1504 779 .
1549 775 1553 777 Α
1602 746 1786 790 168—170

512 812 564 841 De
590 810 757 841 medicina
783 821 802 841 a
829 811 910 842 Sole
936 811 999 842 deo
1027 821 1043 842 e
1070 811 1171 842 melle
1197 811 1335 842 inventa
1407 839 1410 841 Α
1454 838 1459 843 .
1501 838 1506 842 .
1546 839 1552 845 .
1662 821 1727 853 170

512 876 565 906 De
592 875 721 915 templo
749 877 793 907 ab
819 877 941 916 apibus
967 875 1124 917 Apollini
1152 876 1241 907 facto
1311 901 1556 908 ......
1602 886 1783 919 170-171

511 941 564 971 De
590 950 653 982 ape
679 941 836 981 Apollini
866 941 990 981 Pythio
1018 951 1111 972 sacra
1171 967 1551 974 .........
1661 951 1726 984 172

512 1006 564 1036 De
591 1016 656 1046 ape
683 1006 977 1046 praesagitationis
1003 1006 1158 1046 symbolo
1219 1032 1223 1036 .
1263 1033 1268 1037 .
1311 1033 1315 1038 .
1361 1033 1366 1037 .
1409 1033 1413 1037 .
1458 1035 1460 1037 ,
1501 1034 1506 1038 .
1551 1034 1554 1037 Δ
1605 1016 1785 1048 172—173

512 1071 564 1101 De
591 1071 690 1102 melle
717 1071 873 1111 Apollini
900 1071 1085 1102 sacrificato
1122 1097 1127 1102 .
1169 1096 1174 1101 .
1216 1097 1221 1101 .
1308 1098 1553 1103 ......
1602 1080 1786 1113 173——174

512 1136 565 1166 De
592 1136 692 1167 melle
711 1136 804 1173 Iano,
832 1137 1004 1167 Fortunae
1025 1136 1134 1174 Virili,
1162 1136 1346 1168 Melloniae
1372 1136 1556 1168 sacrificato
1604 1145 1785 1179 174-175

512 1202 565 1232 De
594 1201 706 1237 ,saeris
732 1201 862 1232 sobriis’
892 1200 982 1232 falsis
1007 1202 1121 1232 Bonae
1147 1202 1239 1232 Deae
1267 1201 1364 1232 factis
1407 1229 1412 1234 .
1457 1228 1462 1232 .
1503 1229 1508 1233 .
1555 1229 1558 1231 .
1664 1211 1726 1244 175

511 1266 563 1296 De
591 1265 690 1296 melle
709 1271 862 1306 tempore
881 1266 1069 1306 posteriore
1088 1276 1197 1306 paene
1221 1267 1378 1298 omnibus
1397 1267 1461 1297 diis
1480 1267 1557 1297 dea-

652 1331 783 1371 busque
809 1330 995 1362 sacrificato
1024 1357 1552 1364 ............
1664 1329 1727 1372 176

512 1395 698 1426 Conclusio
743 1422 750 1427 .
788 1422 794 1427 .
836 1421 843 1428 .
932 1420 1270 1429 ........
1309 1403 1316 1429 ’.
1359 1423 1364 1428 .
1406 1423 1412 1429 .
1453 1394 1468 1428 .’
1503 1422 1508 1428 .
1550 1421 1556 1427 .
1604 1394 1786 1437 Ι76-178

888 2451 1019 2482 Berolini,
1044 2451 1117 2484 typis
1136 2451 1180 2477 W.
1204 2451 1415 2477 Pormetter.
