<?xml version="1.0" encoding="UTF-8"?>
<!DOCTYPE html PUBLIC "-//W3C//DTD XHTML 1.0 Transitional//EN"
    "http://www.w3.org/TR/xhtml1/DTD/xhtml1-transitional.dtd">
<html xmlns="http://www.w3.org/1999/xhtml" xml:lang="en" lang="en">
 <head>
  <title>
</title>
<meta http-equiv="Content-Type" content="text/html;charset=utf-8" />
  <meta name='ocr-system' content='tesseract 3.04.00' />
  <meta name='ocr-capabilities' content='ocr_page ocr_carea ocr_par ocr_line ocrx_word'/>
</head>
<body>
  <div class='ocr_page' id='page_1' title='image "./deapiummellisqve00robeuoft_0085.png"; bbox 0 0 2042 3070; ppageno 0'>
   <div class='ocr_carea' id='block_1_1' title="bbox 702 405 990 446">
    <p class='ocr_par' dir='ltr' id='par_1_1' title="bbox 702 405 990 446">
     <span class='ocr_line' id='line_1_1' title="bbox 702 405 990 446; baseline -0.021 0"><span class='ocrx_word' id='word_1_1' title='bbox 702 405 990 446; x_wconf 36' lang='lat' dir='ltr'>4⁴81ss</span> 
     </span>
    </p>
   </div>
   <div class='ocr_carea' id='block_1_2' title="bbox 214 519 1480 2356">
    <p class='ocr_par' dir='ltr' id='par_1_2' title="bbox 214 519 1479 1464">
     <span class='ocr_line' id='line_1_2' title="bbox 214 519 1478 571; baseline 0.001 -8"><span class='ocrx_word' id='word_1_2' title='bbox 214 522 330 563; x_wconf 87' lang='lat' dir='ltr'>leste</span> <span class='ocrx_word' id='word_1_3' title='bbox 369 522 479 562; x_wconf 91' lang='lat' dir='ltr'>illud</span> <span class='ocrx_word' id='word_1_4' title='bbox 508 519 582 561; x_wconf 72' lang='grc' dir='ltr'>καὶ</span> <span class='ocrx_word' id='word_1_5' title='bbox 612 519 792 571; x_wconf 73' lang='grc' dir='ltr'>διοπετὲς,</span> <span class='ocrx_word' id='word_1_6' title='bbox 823 523 990 562; x_wconf 89' lang='lat' dir='ltr'>donum</span> <span class='ocrx_word' id='word_1_7' title='bbox 1028 524 1071 563; x_wconf 89' lang='lat' dir='ltr'>in</span> <span class='ocrx_word' id='word_1_8' title='bbox 1111 523 1372 564; x_wconf 87' lang='lat' dir='ltr'>universum</span> <span class='ocrx_word' id='word_1_9' title='bbox 1407 538 1478 565; x_wconf 88' lang='lat' dir='ltr'>ca-</span> 
     </span>
     <span class='ocr_line' id='line_1_3' title="bbox 217 611 1479 665; baseline 0.002 -14"><span class='ocrx_word' id='word_1_10' title='bbox 217 612 324 651; x_wconf 88' lang='lat' dir='ltr'>dere</span> <span class='ocrx_word' id='word_1_11' title='bbox 368 612 522 651; x_wconf 84' lang='lat' dir='ltr'>desiit:</span> <span class='ocrx_word' id='word_1_12' title='bbox 573 625 681 652; x_wconf 77' lang='lat' dir='ltr'>mox</span> <span class='ocrx_word' id='word_1_13' title='bbox 721 625 822 652; x_wconf 89' lang='lat' dir='ltr'>cum</span> <span class='ocrx_word' id='word_1_14' title='bbox 861 611 986 651; x_wconf 87' lang='lat' dir='ltr'>iussu</span> <span class='ocrx_word' id='word_1_15' title='bbox 1024 625 1195 664; x_wconf 82' lang='lat' dir='ltr'>regum</span> <span class='ocrx_word' id='word_1_16' title='bbox 1227 611 1479 665; x_wconf 83' lang='lat' dir='ltr'>interrupta</span> 
     </span>
     <span class='ocr_line' id='line_1_4' title="bbox 215 699 1478 754; baseline 0 -14"><span class='ocrx_word' id='word_1_17' title='bbox 215 700 378 740; x_wconf 86' lang='lat' dir='ltr'>fuisset</span> <span class='ocrx_word' id='word_1_18' title='bbox 411 700 525 740; x_wconf 91' lang='lat' dir='ltr'>muri</span> <span class='ocrx_word' id='word_1_19' title='bbox 547 701 702 748; x_wconf 89' lang='lat' dir='ltr'>series,</span> <span class='ocrx_word' id='word_1_20' title='bbox 737 701 885 740; x_wconf 88' lang='lat' dir='ltr'>denuo</span> <span class='ocrx_word' id='word_1_21' title='bbox 908 701 1001 740; x_wconf 89' lang='lat' dir='ltr'>labi</span> <span class='ocrx_word' id='word_1_22' title='bbox 1024 699 1273 748; x_wconf 85' lang='lat' dir='ltr'>affluenter,</span> <span class='ocrx_word' id='word_1_23' title='bbox 1308 715 1334 740; x_wconf 84' lang='lat' dir='ltr'>a</span> <span class='ocrx_word' id='word_1_24' title='bbox 1355 702 1478 754; x_wconf 83' lang='lat' dir='ltr'>pube</span> 
     </span>
     <span class='ocr_line' id='line_1_5' title="bbox 217 789 1478 842; baseline 0.001 -13"><span class='ocrx_word' id='word_1_25' title='bbox 217 789 387 829; x_wconf 88' lang='lat' dir='ltr'>rustica</span> <span class='ocrx_word' id='word_1_26' title='bbox 420 789 574 842; x_wconf 83' lang='lat' dir='ltr'>colligi</span> <span class='ocrx_word' id='word_1_27' title='bbox 606 789 776 842; x_wconf 87' lang='lat' dir='ltr'>passim</span> <span class='ocrx_word' id='word_1_28' title='bbox 810 789 977 842; x_wconf 85' lang='lat' dir='ltr'>coepit.</span> <span class='ocrx_word' id='word_1_29' title='bbox 1036 789 1286 842; x_wconf 85' lang='lat' dir='ltr'>Repetitur</span> <span class='ocrx_word' id='word_1_30' title='bbox 1317 790 1478 830; x_wconf 86' lang='lat' dir='ltr'>iterum</span> 
     </span>
     <span class='ocr_line' id='line_1_6' title="bbox 217 877 1478 931; baseline 0.001 -14"><span class='ocrx_word' id='word_1_31' title='bbox 217 891 388 931; x_wconf 82' lang='lat' dir='ltr'>magno</span> <span class='ocrx_word' id='word_1_32' title='bbox 443 878 592 918; x_wconf 86' lang='lat' dir='ltr'>studio</span> <span class='ocrx_word' id='word_1_33' title='bbox 649 877 865 931; x_wconf 80' lang='lat' dir='ltr'>cingendi</span> <span class='ocrx_word' id='word_1_34' title='bbox 911 878 999 917; x_wconf 85' lang='lat' dir='ltr'>loci</span> <span class='ocrx_word' id='word_1_35' title='bbox 1046 878 1348 931; x_wconf 85' lang='lat' dir='ltr'>propositum,</span> <span class='ocrx_word' id='word_1_36' title='bbox 1397 880 1478 918; x_wconf 89' lang='lat' dir='ltr'>sed</span> 
     </span>
     <span class='ocr_line' id='line_1_7' title="bbox 215 966 1479 1020; baseline 0.001 -14"><span class='ocrx_word' id='word_1_37' title='bbox 215 967 530 1007; x_wconf 80' lang='lat' dir='ltr'>temerarium:</span> <span class='ocrx_word' id='word_1_38' title='bbox 564 966 601 1006; x_wconf 81' lang='lat' dir='ltr'>si</span> <span class='ocrx_word' id='word_1_39' title='bbox 634 966 816 1020; x_wconf 88' lang='lat' dir='ltr'>quidem</span> <span class='ocrx_word' id='word_1_40' title='bbox 850 966 1205 1019; x_wconf 79' lang='lat' dir='ltr'>circumquaque</span> <span class='ocrx_word' id='word_1_41' title='bbox 1237 968 1479 1019; x_wconf 86' lang='lat' dir='ltr'>praeclusa</span> 
     </span>
     <span class='ocr_line' id='line_1_8' title="bbox 215 1055 1477 1108; baseline 0 -13"><span class='ocrx_word' id='word_1_42' title='bbox 215 1056 329 1096; x_wconf 85' lang='lat' dir='ltr'>muri</span> <span class='ocrx_word' id='word_1_43' title='bbox 371 1056 513 1096; x_wconf 85' lang='lat' dir='ltr'>lorica</span> <span class='ocrx_word' id='word_1_44' title='bbox 554 1055 679 1096; x_wconf 82' lang='lat' dir='ltr'>stetit</span> <span class='ocrx_word' id='word_1_45' title='bbox 719 1056 910 1096; x_wconf 90' lang='lat' dir='ltr'>melleus</span> <span class='ocrx_word' id='word_1_46' title='bbox 952 1055 1097 1095; x_wconf 87' lang='lat' dir='ltr'>imber</span> <span class='ocrx_word' id='word_1_47' title='bbox 1136 1069 1283 1108; x_wconf 89' lang='lat' dir='ltr'>neque</span> <span class='ocrx_word' id='word_1_48' title='bbox 1325 1069 1477 1096; x_wconf 85' lang='lat' dir='ltr'>mana-</span> 
     </span>
     <span class='ocr_line' id='line_1_9' title="bbox 215 1144 1476 1197; baseline 0.002 -14"><span class='ocrx_word' id='word_1_49' title='bbox 215 1144 280 1184; x_wconf 86' lang='lat' dir='ltr'>vit</span> <span class='ocrx_word' id='word_1_50' title='bbox 312 1144 519 1197; x_wconf 87' lang='lat' dir='ltr'>amplius,</span> <span class='ocrx_word' id='word_1_51' title='bbox 560 1145 706 1184; x_wconf 87' lang='lat' dir='ltr'>donec</span> <span class='ocrx_word' id='word_1_52' title='bbox 746 1144 970 1197; x_wconf 84' lang='lat' dir='ltr'>dissipata</span> <span class='ocrx_word' id='word_1_53' title='bbox 1011 1144 1294 1197; x_wconf 84' lang='lat' dir='ltr'>disiectaque</span> <span class='ocrx_word' id='word_1_54' title='bbox 1327 1159 1476 1185; x_wconf 86' lang='lat' dir='ltr'>mace-</span> 
     </span>
     <span class='ocr_line' id='line_1_10' title="bbox 215 1233 1477 1287; baseline 0.002 -14"><span class='ocrx_word' id='word_1_55' title='bbox 215 1234 310 1273; x_wconf 86' lang='lat' dir='ltr'>riae</span> <span class='ocrx_word' id='word_1_56' title='bbox 350 1233 466 1273; x_wconf 88' lang='lat' dir='ltr'>illius</span> <span class='ocrx_word' id='word_1_57' title='bbox 500 1241 626 1274; x_wconf 83' lang='lat' dir='ltr'>crate</span> <span class='ocrx_word' id='word_1_58' title='bbox 657 1233 800 1273; x_wconf 89' lang='lat' dir='ltr'>libero</span> <span class='ocrx_word' id='word_1_59' title='bbox 833 1233 1045 1286; x_wconf 78' lang='lat' dir='ltr'>ingressu</span> <span class='ocrx_word' id='word_1_60' title='bbox 1080 1234 1251 1287; x_wconf 83' lang='lat' dir='ltr'>potitus</span> <span class='ocrx_word' id='word_1_61' title='bbox 1283 1235 1477 1275; x_wconf 86' lang='lat' dir='ltr'>rusticus</span> 
     </span>
     <span class='ocr_line' id='line_1_11' title="bbox 216 1301 1477 1364; baseline 0.001 -2"><span class='ocrx_word' id='word_1_62' title='bbox 216 1328 372 1363; x_wconf 86' lang='lat' dir='ltr'>coetus</span> <span class='ocrx_word' id='word_1_63' title='bbox 406 1301 668 1362; x_wconf 82' lang='lat' dir='ltr'>avidissime</span> <span class='ocrx_word' id='word_1_64' title='bbox 702 1321 948 1362; x_wconf 85' lang='lat' dir='ltr'>defluvium</span> <span class='ocrx_word' id='word_1_65' title='bbox 981 1322 1091 1362; x_wconf 87' lang='lat' dir='ltr'>illud</span> <span class='ocrx_word' id='word_1_66' title='bbox 1123 1337 1318 1363; x_wconf 82' lang='lat' dir='ltr'>mannae</span> <span class='ocrx_word' id='word_1_67' title='bbox 1356 1323 1477 1364; x_wconf 89' lang='lat' dir='ltr'>colli-</span> 
     </span>
     <span class='ocr_line' id='line_1_12' title="bbox 215 1409 984 1464; baseline -0.003 -12"><span class='ocrx_word' id='word_1_68' title='bbox 215 1425 328 1464; x_wconf 82' lang='lat' dir='ltr'>gere</span> <span class='ocrx_word' id='word_1_69' title='bbox 360 1411 587 1464; x_wconf 88' lang='lat' dir='ltr'>permissu</span> <span class='ocrx_word' id='word_1_70' title='bbox 618 1424 779 1464; x_wconf 85' lang='lat' dir='ltr'>regum</span> <span class='ocrx_word' id='word_1_71' title='bbox 812 1409 984 1464; x_wconf 84' lang='lat' dir='ltr'>potuit&#39;.</span> 
     </span>
    </p>

    <p class='ocr_par' dir='ltr' id='par_1_3' title="bbox 216 1499 1478 1643">
     <span class='ocr_line' id='line_1_13' title="bbox 304 1499 1478 1553; baseline 0.001 -13"><span class='ocrx_word' id='word_1_72' title='bbox 304 1499 434 1553; x_wconf 76' lang='lat' dir='ltr'>Quae</span> <span class='ocrx_word' id='word_1_73' title='bbox 471 1500 622 1540; x_wconf 87' lang='lat' dir='ltr'>omnia</span> <span class='ocrx_word' id='word_1_74' title='bbox 654 1502 743 1540; x_wconf 88' lang='lat' dir='ltr'>hoc</span> <span class='ocrx_word' id='word_1_75' title='bbox 782 1513 841 1539; x_wconf 79' lang='lat' dir='ltr'>ex</span> <span class='ocrx_word' id='word_1_76' title='bbox 873 1500 976 1540; x_wconf 91' lang='lat' dir='ltr'>loco</span> <span class='ocrx_word' id='word_1_77' title='bbox 1010 1500 1261 1541; x_wconf 80' lang='lat' dir='ltr'>litterarum</span> <span class='ocrx_word' id='word_1_78' title='bbox 1301 1508 1478 1541; x_wconf 80' lang='lat' dir='ltr'>sancta-</span> 
     </span>
     <span class='ocr_line' id='line_1_14' title="bbox 216 1589 1477 1643; baseline 0.001 -14"><span class='ocrx_word' id='word_1_79' title='bbox 216 1603 313 1630; x_wconf 87' lang='lat' dir='ltr'>rum</span> <span class='ocrx_word' id='word_1_80' title='bbox 347 1590 549 1643; x_wconf 89' lang='lat' dir='ltr'>pendere</span> <span class='ocrx_word' id='word_1_81' title='bbox 582 1590 794 1630; x_wconf 84' lang='lat' dir='ltr'>videntur</span> <span class='ocrx_word' id='word_1_82' title='bbox 828 1589 941 1642; x_wconf 88' lang='lat' dir='ltr'>(Lib.</span> <span class='ocrx_word' id='word_1_83' title='bbox 966 1589 1115 1629; x_wconf 75' lang='lat' dir='ltr'>Exodi</span> <span class='ocrx_word' id='word_1_84' title='bbox 1138 1590 1269 1637; x_wconf 86' lang='lat' dir='ltr'>XVI,</span> <span class='ocrx_word' id='word_1_85' title='bbox 1294 1605 1355 1641; x_wconf 71' lang='lat'>14,</span> <span class='ocrx_word' id='word_1_86' title='bbox 1383 1593 1477 1640; x_wconf 78' lang='lat'>31):</span> 
     </span>
    </p>

    <p class='ocr_par' dir='ltr' id='par_1_4' title="bbox 215 1677 1478 1910">
     <span class='ocr_line' id='line_1_15' title="bbox 305 1677 1477 1732; baseline -0.001 -13"><span class='ocrx_word' id='word_1_87' title='bbox 305 1678 429 1727; x_wconf 90' lang='lat' dir='ltr'>,Cum</span> <span class='ocrx_word' id='word_1_88' title='bbox 448 1712 456 1720; x_wconf 95' lang='lat'><strong>.</strong></span> <span class='ocrx_word' id='word_1_89' title='bbox 478 1711 485 1719; x_wconf 91' lang='lat'><strong>.</strong></span> <span class='ocrx_word' id='word_1_90' title='bbox 505 1712 512 1720; x_wconf 94' lang='lat'>.</span> <span class='ocrx_word' id='word_1_91' title='bbox 544 1679 800 1732; x_wconf 85' lang='lat' dir='ltr'>operuisset</span> <span class='ocrx_word' id='word_1_92' title='bbox 824 1677 1115 1731; x_wconf 87' lang='lat' dir='ltr'>superficiem</span> <span class='ocrx_word' id='word_1_93' title='bbox 1137 1685 1299 1727; x_wconf 81' lang='lat' dir='ltr'>terrae,</span> <span class='ocrx_word' id='word_1_94' title='bbox 1333 1692 1477 1732; x_wconf 86' lang='lat' dir='ltr'>appa-</span> 
     </span>
     <span class='ocr_line' id='line_1_16' title="bbox 215 1767 1478 1820; baseline -0.001 -12"><span class='ocrx_word' id='word_1_95' title='bbox 215 1768 303 1808; x_wconf 82' lang='lat' dir='ltr'>ruit</span> <span class='ocrx_word' id='word_1_96' title='bbox 332 1768 377 1808; x_wconf 89' lang='lat' dir='ltr'>in</span> <span class='ocrx_word' id='word_1_97' title='bbox 410 1768 652 1808; x_wconf 81' lang='lat' dir='ltr'>solitudine</span> <span class='ocrx_word' id='word_1_98' title='bbox 690 1768 911 1808; x_wconf 82' lang='lat' dir='ltr'>minutum</span> <span class='ocrx_word' id='word_1_99' title='bbox 945 1775 990 1807; x_wconf 82' lang='lat' dir='ltr'>et</span> <span class='ocrx_word' id='word_1_100' title='bbox 1023 1767 1154 1820; x_wconf 88' lang='lat' dir='ltr'>quasi</span> <span class='ocrx_word' id='word_1_101' title='bbox 1185 1768 1278 1820; x_wconf 88' lang='lat' dir='ltr'>pilo</span> <span class='ocrx_word' id='word_1_102' title='bbox 1311 1775 1478 1815; x_wconf 82' lang='lat' dir='ltr'>tusum,</span> 
     </span>
     <span class='ocr_line' id='line_1_17' title="bbox 218 1857 1352 1910; baseline 0.002 -14"><span class='ocrx_word' id='word_1_103' title='bbox 218 1858 261 1897; x_wconf 89' lang='lat' dir='ltr'>in</span> <span class='ocrx_word' id='word_1_104' title='bbox 296 1857 634 1898; x_wconf 85' lang='lat' dir='ltr'>similitudinem</span> <span class='ocrx_word' id='word_1_105' title='bbox 666 1857 855 1910; x_wconf 75' lang='lat' dir='ltr'>pruinae</span> <span class='ocrx_word' id='word_1_106' title='bbox 889 1870 1027 1910; x_wconf 88' lang='lat' dir='ltr'>super</span> <span class='ocrx_word' id='word_1_107' title='bbox 1058 1862 1227 1896; x_wconf 81' lang='lat' dir='ltr'>terram</span> <span class='ocrx_word' id='word_1_108' title='bbox 1245 1891 1253 1898; x_wconf 89' lang='lat'><strong>.</strong></span> <span class='ocrx_word' id='word_1_109' title='bbox 1274 1890 1282 1898; x_wconf 91' lang='lat'><strong>.</strong></span> <span class='ocrx_word' id='word_1_110' title='bbox 1304 1889 1311 1897; x_wconf 95' lang='lat'>.</span> <span class='ocrx_word' id='word_1_111' title='bbox 1331 1859 1352 1897; x_wconf 88' lang='lat'>.&#39;</span> 
     </span>
    </p>

    <p class='ocr_par' dir='ltr' id='par_1_5' title="bbox 216 1945 1478 2177">
     <span class='ocr_line' id='line_1_18' title="bbox 307 1945 1477 1999; baseline -0.001 -13"><span class='ocrx_word' id='word_1_112' title='bbox 307 1946 651 1999; x_wconf 82' lang='lat' dir='ltr'>‚Apellavitque</span> <span class='ocrx_word' id='word_1_113' title='bbox 676 1946 836 1985; x_wconf 91' lang='lat' dir='ltr'>domus</span> <span class='ocrx_word' id='word_1_114' title='bbox 858 1945 1001 1986; x_wconf 73' lang='lat' dir='ltr'>Israel</span> <span class='ocrx_word' id='word_1_115' title='bbox 1029 1958 1194 1985; x_wconf 86' lang='lat' dir='ltr'>nomen</span> <span class='ocrx_word' id='word_1_116' title='bbox 1227 1946 1324 1985; x_wconf 91' lang='lat' dir='ltr'>eius</span> <span class='ocrx_word' id='word_1_117' title='bbox 1346 1946 1477 1985; x_wconf 85' lang='lat' dir='ltr'>Man:</span> 
     </span>
     <span class='ocr_line' id='line_1_19' title="bbox 216 2035 1478 2088; baseline -0.001 -12"><span class='ocrx_word' id='word_1_118' title='bbox 216 2036 338 2088; x_wconf 86' lang='lat' dir='ltr'>quod</span> <span class='ocrx_word' id='word_1_119' title='bbox 362 2041 461 2076; x_wconf 87' lang='lat' dir='ltr'>erat</span> <span class='ocrx_word' id='word_1_120' title='bbox 483 2035 614 2088; x_wconf 82' lang='lat' dir='ltr'>quasi</span> <span class='ocrx_word' id='word_1_121' title='bbox 646 2049 802 2076; x_wconf 89' lang='lat' dir='ltr'>semen</span> <span class='ocrx_word' id='word_1_122' title='bbox 836 2035 1064 2075; x_wconf 78' lang='lat' dir='ltr'>coriandri</span> <span class='ocrx_word' id='word_1_123' title='bbox 1097 2035 1263 2082; x_wconf 88' lang='lat' dir='ltr'>album,</span> <span class='ocrx_word' id='word_1_124' title='bbox 1296 2042 1478 2088; x_wconf 84' lang='lat' dir='ltr'>gustus-</span> 
     </span>
     <span class='ocr_line' id='line_1_20' title="bbox 217 2124 1104 2177; baseline 0 -13"><span class='ocrx_word' id='word_1_125' title='bbox 217 2137 305 2177; x_wconf 89' lang='lat' dir='ltr'>que</span> <span class='ocrx_word' id='word_1_126' title='bbox 338 2124 433 2164; x_wconf 88' lang='lat' dir='ltr'>eius</span> <span class='ocrx_word' id='word_1_127' title='bbox 467 2124 597 2177; x_wconf 87' lang='lat' dir='ltr'>quasi</span> <span class='ocrx_word' id='word_1_128' title='bbox 631 2124 774 2164; x_wconf 89' lang='lat' dir='ltr'>simile</span> <span class='ocrx_word' id='word_1_129' title='bbox 808 2138 910 2164; x_wconf 91' lang='lat' dir='ltr'>cum</span> <span class='ocrx_word' id='word_1_130' title='bbox 943 2124 1104 2166; x_wconf 57' lang='lat' dir='ltr'>melle?</span> 
     </span>
    </p>

    <p class='ocr_par' dir='ltr' id='par_1_6' title="bbox 216 2212 1480 2356">
     <span class='ocr_line' id='line_1_21' title="bbox 304 2212 1480 2266; baseline 0.002 -15"><span class='ocrx_word' id='word_1_131' title='bbox 304 2212 398 2252; x_wconf 90' lang='lat' dir='ltr'>Mel</span> <span class='ocrx_word' id='word_1_132' title='bbox 428 2225 537 2252; x_wconf 82' lang='lat' dir='ltr'>vero</span> <span class='ocrx_word' id='word_1_133' title='bbox 571 2214 695 2266; x_wconf 90' lang='lat' dir='ltr'>apud</span> <span class='ocrx_word' id='word_1_134' title='bbox 717 2214 959 2254; x_wconf 80' lang='lat' dir='ltr'>Hebraeos</span> <span class='ocrx_word' id='word_1_135' title='bbox 993 2220 1168 2254; x_wconf 78' lang='lat' dir='ltr'>tantum</span> <span class='ocrx_word' id='word_1_136' title='bbox 1200 2213 1397 2261; x_wconf 83' lang='lat' dir='ltr'>valebat,</span> <span class='ocrx_word' id='word_1_137' title='bbox 1431 2220 1480 2253; x_wconf 86' lang='lat' dir='ltr'>ut</span> 
     </span>
     <span class='ocr_line' id='line_1_22' title="bbox 216 2300 1478 2356; baseline 0.002 -16"><span class='ocrx_word' id='word_1_138' title='bbox 216 2300 316 2349; x_wconf 90' lang='lat' dir='ltr'>loci,</span> <span class='ocrx_word' id='word_1_139' title='bbox 350 2301 514 2353; x_wconf 86' lang='lat' dir='ltr'>quibus</span> <span class='ocrx_word' id='word_1_140' title='bbox 535 2302 623 2342; x_wconf 88' lang='lat' dir='ltr'>hac</span> <span class='ocrx_word' id='word_1_141' title='bbox 648 2303 705 2342; x_wconf 90' lang='lat' dir='ltr'>de</span> <span class='ocrx_word' id='word_1_142' title='bbox 736 2316 784 2342; x_wconf 89' lang='lat' dir='ltr'>re</span> <span class='ocrx_word' id='word_1_143' title='bbox 818 2303 982 2356; x_wconf 84' lang='lat' dir='ltr'>agitur,</span> <span class='ocrx_word' id='word_1_144' title='bbox 1014 2303 1173 2355; x_wconf 78' lang='lat' dir='ltr'>paucis</span> <span class='ocrx_word' id='word_1_145' title='bbox 1206 2316 1478 2344; x_wconf 90' lang='lat' dir='ltr'>commemo-</span> 
     </span>
    </p>
   </div>
   <div class='ocr_carea' id='block_1_3' title="bbox 217 2390 1219 2494">
    <p class='ocr_par' dir='ltr' id='par_1_7' title="bbox 217 2390 1219 2494">
     <span class='ocr_line' id='line_1_23' title="bbox 217 2390 479 2431; baseline 0.004 -1"><span class='ocrx_word' id='word_1_146' title='bbox 217 2390 347 2430; x_wconf 87' lang='lat' dir='ltr'>randi</span> <span class='ocrx_word' id='word_1_147' title='bbox 380 2390 479 2431; x_wconf 82' lang='lat' dir='ltr'>sint.</span> 
     </span>
     <span class='ocr_line' id='line_1_24' title="bbox 1200 2461 1219 2494; baseline 0 0"><span class='ocrx_word' id='word_1_148' title='bbox 1200 2461 1219 2494; x_wconf 82' lang='lat'>6</span> 
     </span>
    </p>
   </div>
  </div>
 </body>
</html>
