2042 3070
701 465 987 505 -2--51-ued

212 586 379 637 σημεῖον
419 584 655 637 (visionem
693 584 858 637 Bruti),
907 582 1116 635 μελισσῶν
1158 580 1201 623 δέ
1241 595 1364 637 φησιν
1404 581 1474 624 τὸν

1161 673 1168 689 7

211 675 373 726 πρῶτον
412 668 535 713 ἀετὸν
576 667 796 712 ἀνάπλεων
834 669 1072 726 γενέσθαι.
1092 704 1101 712 .
1123 704 1131 712 .
1149 704 1157 711 .
1210 697 1265 702 —-
1307 673 1476 713 Brutus

213 764 343 811 enim,
377 777 652 817 quamquam
685 762 806 809 vicit,
843 768 999 802 tamen
1031 763 1089 802 ob
1124 760 1255 802 Cassi
1287 762 1476 802 exitium

212 866 429 905 magnam
462 853 681 893 iacturam
714 851 895 904 accepit
928 864 981 891 ac
1008 851 1146 903 paulo
1168 858 1273 904 post
1299 852 1357 891 ab
1379 850 1475 890 An-

212 942 336 981 tonio
368 941 468 994 ipse
497 954 679 995 quoque
708 939 981 994 profligatus
1014 953 1063 980 se
1097 940 1338 981 interemit.
1363 964 1417 969 —

301 1030 511 1071 Examen
544 1030 697 1083 apium
729 1037 834 1070 ante
866 1042 1073 1082 pugnam
1106 1030 1165 1070 ad
1195 1029 1477 1070 Arbalonem

215 1119 505 1160 commissam
529 1119 573 1158 in
596 1118 757 1159 castris
774 1118 912 1158 Drusi
935 1118 1101 1158 sedens
1124 1131 1258 1159 omen
1279 1118 1477 1160 faustum

213 1208 354 1248 fuisse
389 1222 448 1248 ex
476 1207 621 1248 Plinio
655 1207 810 1260 colligi
836 1206 1032 1247 fortasse
1063 1213 1229 1261 potest,
1263 1207 1300 1248 si
1332 1207 1402 1261 (N.
1419 1207 1476 1248 H.

213 1297 297 1343 XI,
324 1298 387 1348 18)
422 1297 539 1337 haec
579 1297 676 1337 sola
708 1298 852 1337 verba
882 1297 1120 1350 leguntur:
1170 1294 1365 1344 ‚Sedere
1400 1298 1476 1350 (sc.

214 1386 342 1439 apes)
376 1386 421 1426 in
449 1386 610 1427 castris
633 1385 772 1426 Drusi
803 1385 1106 1439 imperatoris,
1141 1399 1243 1425 cum
1266 1398 1477 1439 prosper-

213 1474 326 1515 rime
358 1482 614 1528 pugnatum
647 1475 770 1528 apud
802 1474 1087 1515 Arbalonem
1121 1473 1208 1516 est'
1227 1508 1235 1516 .
1256 1507 1264 1515 .
1285 1507 1321 1516 ..
1383 1473 1477 1515 Sed

214 1565 330 1605 haec
355 1578 382 1604 a
405 1563 631 1605 communi
660 1563 886 1604 sententia
908 1564 1210 1618 discrepasse,
1241 1564 1479 1617 sequentia

214 1654 404 1694 docent:
437 1685 537 1702 ,....
556 1653 913 1705 haudquaquam
936 1653 1195 1706 aruspicum
1218 1654 1480 1693 coniectura

215 1742 291 1795 qui
314 1743 459 1783 dirum
481 1743 528 1783 id
551 1748 779 1782 ostentum
805 1741 1096 1784 existimant'.
1144 1743 1305 1795 Itaque
1335 1755 1396 1782 ex
1426 1755 1480 1782 eo

214 1831 315 1872 loco
348 1845 461 1885 apes
498 1833 620 1885 apud
655 1839 837 1872 veteres
870 1845 1004 1872 omen
1034 1832 1233 1874 faustum
1265 1831 1480 1872 militibus

215 1918 357 1960 fuisse
388 1919 677 1961 ratiocinanti
715 1920 934 1974 colligere
964 1935 1055 1962 non
1091 1921 1211 1961 licet.
1269 1920 1372 1961 Huc
1406 1934 1480 1960 ac-

217 2009 351 2057 cedit,
400 2009 522 2062 quod
559 2009 733 2049 Plinius
779 2017 958 2062 partem
1005 2016 1181 2050 tantum
1227 2023 1378 2050 rerum
1419 2010 1481 2049 ibi

217 2104 454 2151 gestarum
492 2097 642 2139 refert.
704 2098 823 2138 Nam
856 2098 1074 2146 Drusum,
1113 2098 1199 2139 etsi
1229 2099 1274 2139 in
1306 2099 1481 2152 proelio

216 2188 276 2228 ad
293 2187 531 2241 Visurgim
555 2188 629 2241 (ad
654 2201 789 2240 quem
810 2186 986 2227 Arbalo
1010 2187 1097 2227 sita
1118 2186 1215 2240 fuit)
1240 2187 1481 2227 commisso

217 2275 472 2317 Germanos
506 2276 752 2330 superavit,
784 2283 939 2316 tamen
971 2276 1016 2316 in
1050 2290 1273 2317 summum
1303 2277 1482 2330 pericu-

215 2367 307 2406 lum
353 2367 603 2407 adductum
642 2367 894 2419 permultos
938 2365 1104 2406 milites
1148 2366 1354 2406 amisisse
1392 2366 1481 2406 Dio

219 2454 402 2495 Cassius
434 2455 497 2495 ita
529 2457 660 2496 nobis
694 2457 944 2509 explicavit
977 2457 1113 2510 (LIV,
1139 2458 1230 2507 33):
1269 2485 1345 2495 .....
1350 2454 1481 2508 ςδιέβη

1226 2526 1270 2567 4*
