2042 3070
973 420 1293 460 *⁴114ss

555 538 696 586 ‚Fons
728 537 1015 591 Aganippea
1046 538 1332 578 Permessius
1367 539 1533 592 educat
1565 540 1712 580 unda:

553 627 689 667 Unde
712 626 819 680 piae
842 632 1092 679 pascuntur
1120 640 1234 679 apes
1264 635 1309 668 et
1337 634 1471 680 prata
1492 628 1704 681 legentes

554 715 884 756 Transmittunt
908 714 1072 755 saeclis
1095 714 1338 756 Heliconia
1359 716 1497 756 mella
1517 714 1705 757 futuris.'

582 814 712 855 Haec
745 814 903 863 ,mella
935 811 1137 867 poetica’
1170 826 1286 866 apes
1319 813 1450 866 ipsae
1483 838 1540 843 —
1571 819 1621 854 ut
1649 813 1762 854 vidi-

493 914 593 941 mus
627 926 683 930 ——
715 901 982 951 infantibus,
1025 902 1101 956 qui
1133 903 1302 956 poetae
1334 903 1408 942 vel
1447 910 1652 943 oratores
1689 903 1764 943 vel

492 991 758 1045 philosophi
809 992 1042 1045 sapientes
1084 990 1264 1040 fierent,
1313 992 1533 1032 instillare
1574 998 1763 1045 putatae

493 1086 610 1121 sunt.
687 1079 888 1133 Quorum
938 1094 998 1121 ex
1044 1094 1233 1121 numero
1274 1080 1479 1121 Platonis
1528 1088 1762 1134 postremo

492 1169 769 1210 mentionem
802 1170 1037 1211 faciamus,
1304 1158 1307 1161 ¹

580 1258 713 1299 Hanc
740 1272 849 1299 vero
871 1258 1086 1307 fabulam,
1111 1271 1228 1311 quae
1253 1271 1366 1310 apes
1389 1256 1595 1297 Platonis
1622 1257 1760 1297 nutri-

492 1361 569 1388 ces
592 1347 734 1388 fuisse
761 1355 927 1396 narrat,
962 1348 1098 1389 etiam
1130 1348 1254 1400 apud
1276 1346 1471 1390 Plinium
1505 1346 1573 1399 (N.
1594 1345 1651 1387 H.
1675 1345 1760 1393 XI,

498 1436 562 1490 18)
605 1443 651 1477 et
688 1436 932 1477 Aelianum
974 1437 1082 1490 (var.
1112 1436 1214 1477 hist.
1247 1435 1314 1484 X,
1349 1450 1419 1483 213
1449 1434 1566 1484 XII,
1595 1434 1666 1487 45)
1716 1440 1761 1474 et

492 1525 873 1580 Olympiodorum
922 1526 1194 1574 invenimus,
1243 1525 1320 1578 qui
1369 1524 1427 1578 (in
1467 1524 1544 1565 vit.
1578 1524 1757 1565 Platon.
1814 1519 1815 1524 ¹

489 1630 532 1668 p.
558 1616 656 1668 583)
691 1615 775 1655 ait:

576 1714 888 1768 ....,μὲλιτται
924 1713 1233 1768 προςελθοῦσαι
1265 1711 1590 1766 πεπληρ(ἷ)κασιν
1627 1711 1758 1752 αὐτοῦ

488 1800 538 1842 τὸ
577 1801 717 1855 στόμα
754 1799 908 1855 κηρίων
954 1799 1138 1854 μέλιτος,
1183 1797 1252 1841 ἵνα
1294 1795 1460 1853 ἀληθὲς,
1497 1798 1587 1853 περὶ
1626 1798 1757 1839 ocutos)

488 1887 679 1942 γένηται·
736 1888 739 1891 ’

535 1974 632 2024 ,Τοῦ
652 1972 727 2014 καὶ
750 1969 832 2014 ἀπὸ
852 1972 1053 2027 γλώττης
1074 1972 1241 2026 μέλιτος
1261 1970 1448 2027 γλυκίων
1470 1970 1557 2025 ῥέεν
1580 1970 1709 2025 αὐδή]
1753 2012 1761 2015 ,

489 2061 636 2114 Quem
658 2075 841 2101 versum
863 2061 1053 2101 Homeri
1077 2062 1132 2114 (v,
1157 2061 1284 2101 Iliad.
1307 2060 1342 2109 I,
1368 2074 1461 2112 249,
1487 2061 1564 2099 ubi
1587 2059 1756 2099 Nestor

487 2148 700 2205 ,ἡδυεπής
735 2150 1006 2202 celebratur)
1039 2150 1200 2191 Cicero
1233 2150 1296 2190 ita
1328 2149 1555 2190 transtulit
1590 2149 1663 2201 (de
1686 2161 1754 2187 se·

486 2246 671 2280 nectute
694 2239 780 2292 X>2

562 2342 634 2375 ‚ex
657 2329 754 2369 eius
776 2328 938 2381 lingua
960 2327 1093 2367 melle
1116 2327 1291 2367 dulcior
1311 2325 1482 2366 fluebat
1506 2323 1679 2365 oratio?

488 2420 542 2471 (v.
579 2426 635 2458 et.
677 2432 779 2458 cum
825 2418 1032 2457 Nestoris
1074 2417 1279 2457 oratione
1323 2415 1496 2455 mellita
1538 2415 1752 2467 eloquen-
