2042 3070
724 433 1010 474 *2474-

235 550 480 594 trucidati⁷.
515 576 568 580 —
602 552 655 593 Id
694 553 817 605 quod
856 551 1025 593 factum
1065 560 1134 593 est
1172 552 1216 593 in
1249 568 1408 608 pugna
1440 555 1499 595 ad

235 643 398 695 Aquas
437 641 625 683 Sextias
675 642 929 683 commissa.
1000 642 1131 682 Haec
1178 656 1288 683 vero
1336 644 1498 683 ominis

234 731 507 779 coniectura,
537 745 639 772 cum
665 731 735 771 his
759 730 866 771 solis
887 730 1001 770 locis
1023 736 1190 778 exstet,
1222 745 1250 771 a
1272 733 1499 772 communi

233 828 441 861 veterum
470 820 645 861 ratione
673 820 823 860 aliena
852 826 922 860 est
948 833 1098 872 neque
1121 821 1264 861 verba
1288 821 1499 862 Creuzeri

234 922 372 962 supra
404 910 590 950 laudata
621 910 798 961 probat.

322 998 596 1052 Obsequens
649 1004 801 1057 autem
847 998 937 1038 iam
983 999 1121 1051 paulo
1164 1006 1271 1051 post
1315 999 1368 1052 (c,
1403 1000 1497 1052 113>

232 1094 418 1140 praeter
450 1087 540 1127 alia
561 1087 776 1140 prodigia
810 1100 1006 1127 examen
1039 1087 1192 1139 apium
1225 1088 1270 1128 in
1303 1088 1497 1128 culmine

232 1175 441 1227 privatae
466 1177 626 1217 domus
656 1175 920 1217 consedisse
943 1176 1091 1216 tradit.
1142 1175 1194 1216 Id
1218 1177 1340 1229 quod
1363 1191 1497 1217 omen

232 1265 378 1305 dirum
401 1264 496 1315 fuit,
528 1278 629 1305 cum
653 1265 817 1304 eodem
840 1278 958 1305 anno
980 1264 1193 1312 Romani,
1222 1265 1497 1306 Macedonia

230 1354 469 1406 provincia
499 1354 544 1394 in
573 1355 693 1394 bello
722 1353 1034 1394 Mithridatico
1063 1355 1317 1402 devastata,
1350 1368 1496 1407 grave

230 1443 446 1483 damnum
479 1443 755 1495 acciperent.
794 1468 843 1472 —

320 1530 641 1585 Quadraginta
687 1532 887 1585 quinque
934 1531 1063 1572 annis
1105 1538 1211 1585 post
1247 1533 1495 1587 Pompeius

228 1633 388 1674 pugna
411 1620 471 1660 ad
492 1620 763 1660 Pharsalum
787 1620 1029 1661 commissa
1051 1621 1200 1662 victus
1233 1621 1277 1662 in
1299 1621 1494 1676 Aegyp-

228 1716 323 1750 tum
357 1708 537 1762 effugit,
577 1709 654 1749 ubi
687 1709 952 1750 interfectus
991 1717 1071 1750 est.
1138 1709 1276 1750 Cuius
1308 1724 1495 1764 pugnae

228 1798 397 1838 malum
431 1804 644 1838 eventum
678 1811 874 1838 examen
912 1798 1066 1852 apium
1099 1806 1495 1852 praemonstrasse

228 1887 441 1927 Valerius
484 1887 717 1927 Maximus
766 1888 812 1941 (I,
838 1890 876 1935 6,
901 1888 964 1939 12)
1014 1889 1101 1928 hoc
1150 1889 1285 1928 modo
1333 1888 1494 1929 refert:

228 1976 327 2024 ‚Cn.
369 1976 507 2017 etiam
540 1976 811 2029 Pompeium
843 1976 1052 2030 Iuppiter
1089 1977 1379 2030 omnipotens
1418 1979 1495 2017 ab·

227 2067 348 2106 unde
372 2072 620 2114 monuerat,
654 2079 712 2106 ne
736 2079 838 2105 cum
862 2065 910 2106 C.
934 2065 1132 2107 Caesare
1154 2066 1360 2107 ultimam
1388 2067 1497 2106 belli

227 2155 455 2196 fortunam
489 2155 689 2207 experiri
723 2157 1036 2198 contenderet.
1086 2157 1291 2209 Egresso
1320 2171 1348 2196 a
1375 2156 1494 2210 Dyr-

226 2245 417 2286 rhachio
466 2246 663 2285 adversa
716 2245 889 2298 agmini
944 2246 1040 2286 eius
1087 2245 1275 2286 fulmina
1323 2245 1495 2285 iaciens

228 2334 516 2375 examinibus
550 2347 689 2385 apum
723 2334 856 2386 signa
888 2336 1177 2375 obscurando
1213 2335 1362 2374 subita
1395 2335 1495 2374 tris-

226 2423 325 2464 titia
356 2423 600 2475 implicatis
633 2423 823 2463 militum
857 2423 1018 2462 animis
1038 2455 1046 2463 .
1067 2456 1074 2464 .
1094 2456 1101 2464 .
1122 2425 1144 2464 .'
