2042 3070
756 425 1014 464 &49ss

257 557 312 583 ac
361 543 480 583 melli
530 541 803 595 significatio
860 543 1114 595 symbolica
1163 544 1380 584 attributa
1428 551 1517 592 est;

253 633 424 686 quippe
466 646 584 685 quae
626 632 732 671 oriri
770 646 859 672 non
891 633 1136 685 potuisset,
1174 633 1260 673 nisi
1294 647 1353 672 ex
1393 640 1520 673 certa

254 724 452 776 quadam
482 722 600 762 illius
631 722 836 761 culturae
861 721 1137 775 cognitione.
1188 721 1289 774 Quo
1312 728 1519 774 tempore

253 814 444 865 locoque
478 812 575 852 eius
608 811 882 851 incunabula
916 811 1225 864 apparuerint,
1258 811 1304 850 id
1335 812 1520 864 quidem

250 891 475 941 'incertum
510 907 598 948 est;
634 902 716 941 sod
748 907 912 953 postea
935 901 1205 951 Videbimus,
1239 902 1328 941 iam
1361 908 1519 941 vetere

253 1004 313 1030 ex
347 991 596 1043 Aegypto,
642 989 720 1029 ubi
758 989 894 1030 etiam
938 990 1085 1042 prima
1125 991 1377 1043 specimina
1419 991 1519 1044 apis

254 1080 496 1132 symbolici
557 1079 786 1119 simulacri
839 1079 1208 1128 inveniebantur,
1268 1086 1520 1133 praecepta

251 1169 405 1220 apium
452 1169 746 1208 colendarum
788 1167 977 1209 Graecis
1022 1169 1190 1209 tradita
1236 1183 1337 1209 esse
1380 1177 1517 1221 atque

253 1271 331 1297 eos
365 1264 510 1309 artem
543 1258 795 1298 mellariam
830 1259 888 1297 ab
911 1260 1126 1298 heroibus
1157 1259 1335 1312 diisque
1363 1272 1518 1311 reper-

250 1355 344 1387 tam
369 1323 645 1388 credidisses
683 1345 803 1398 Quin
833 1347 972 1400 igitur
996 1347 1161 1388 Graeci
1191 1355 1399 1401 ternpore
1430 1348 1517 1387 iam

251 1433 444 1473 Hesiodi
484 1433 599 1472 alvis
632 1434 700 1473 usi
732 1434 840 1481 sint,
890 1434 1178 1475 ratiocinanti
1217 1434 1516 1473 dubitandum

250 1536 340 1561 non
373 1527 454 1570 est,
490 1522 527 1561 si
558 1522 673 1575 legit
708 1523 900 1576 (Theog.
936 1523 1054 1575 594):

1253 1651 1278 1659 1.

1215 1665 1413 1691 'ist-2552&

362 1684 394 1691 ..
425 1651 538 1692 ὁπότ’
570 1650 610 1692 ἐν
642 1651 844 1706 σμήνεσσι
873 1651 1184 1705 κατηρεφέεσσι
1215 1687 1222 1704 Δ

307 1741 500 1792 κηφῆνας
530 1737 730 1793 βόσκουσι
747 1772 754 1779 .
773 1772 780 1779 .
797 1772 804 1779 .
823 1773 830 1779 .

342 1879 490 1926 Idem,
524 1881 646 1932 quod
676 1894 736 1920 ex
768 1881 974 1921 Hesiodo
1009 1888 1182 1920 certum
1216 1885 1296 1927 est,
1331 1893 1391 1918 ex
1424 1878 1518 1917 Ho-

253 1981 378 2007 mero
420 1967 581 2008 coniici
621 1976 792 2021 potest,
837 1970 914 2022 qui
953 1977 997 2010 et
1039 1970 1103 2022 (11.
1135 1968 1224 2016 XI,
1259 1969 1357 2019 031)
1409 1964 1521 2018 ,μέλι

250 2054 440 2109 χλ(ι)ρὸν’
484 2057 526 2097 in
568 2072 714 2098 aenea
759 2059 891 2098 lance
936 2058 1183 2098 Machaoni
1232 2071 1286 2096 ac
1336 2057 1519 2097 Nestori

253 2148 310 2186 ab
344 2146 614 2186 Hecamede
654 2147 882 2200 mancipio
917 2154 962 2187 et
995 2146 1177 2201 (Odyss
1203 2147 1264 2194 X,
1292 2146 1388 2198 234)
1428 2160 1518 2185 me-

253 2235 543 2280 dicamentis,
594 2243 642 2275 ut
689 2235 873 2288 penitus
919 2236 1299 2275 obliviscerentur
1342 2234 1519 2287 patriae

253 2330 415 2372 terrae,
449 2324 641 2364 mixtum
675 2324 766 2363 mel
799 2338 825 2364 a
858 2323 987 2364 Circe
1020 2324 1147 2364 Ulixi
1188 2324 1519 2376 comitibusque

252 2413 380 2466 potui
419 2412 684 2466 appositum
724 2426 826 2453 esse
866 2413 1015 2454 tradit.
1087 2413 1250 2469 Neque
1295 2413 1383 2453 hoc
1423 2413 1519 2453 solo
