2042 3070
684 434 974 472 &2194⁴=

258 564 441 612 ‚Verum
470 563 600 616 ipsae
627 577 651 602 e
680 561 799 602 foliis
827 569 960 602 natos
993 569 1037 602 et
1066 563 1281 602 suavibus
1308 563 1461 603 herbis

259 651 350 692 Ore
382 650 561 704 legunt’
581 684 588 690 .
609 683 617 691 .
639 683 674 692 ..

200 769 375 822 Quibus
413 771 565 810 verbis
599 769 794 822 Vergilii
830 770 1026 809 laudatis
1068 770 1165 822 (IX,
1192 783 1226 817 2,
1253 771 1290 822 7)
1332 770 1462 811 Colu-

200 861 336 899 mella
370 860 506 900 etiam
540 874 599 899 ex
629 859 805 912 Hygini
839 859 1043 899 doctrina
1072 859 1188 898 haec
1222 866 1465 899 conservat

201 949 275 1002 (ib.
306 964 367 1000 14,
397 949 484 1001 18):
530 948 627 996 ‚Ad
659 948 831 988 foetum
866 948 1009 1001 (apes)
1045 948 1299 1000 decerpunt
1329 947 1464 987 fiores

202 1043 339 1089 atque
387 1038 504 1077 intra
550 1043 674 1077 tecta
721 1034 1035 1088 comportant.’
1105 1034 1235 1088 Quae
1283 1044 1466 1076 secutus

202 1126 374 1166 Plinius
408 1128 465 1166 de
499 1126 652 1179 apium
685 1125 780 1166 fetu
812 1125 876 1165 ita
908 1125 1065 1165 scribit
1098 1125 1167 1177 (N.
1186 1125 1242 1164 H.
1270 1125 1355 1172 XI,
1381 1126 1465 1177 10):

203 1215 383 1262 ,Plures
432 1215 757 1255 existimavere
812 1220 1024 1266 oportere
1074 1213 1236 1254 confici
1283 1214 1468 1254 floribus

203 1304 469 1356 compositis
505 1309 613 1355 apte
647 1309 783 1356 atque
815 1302 1008 1344 utiliter.’

292 1410 423 1450 Haec
458 1410 619 1457 omnia,
654 1424 772 1462 quae
802 1417 983 1450 veteres
1015 1411 1072 1449 de
1105 1411 1258 1462 apium
1292 1411 1468 1464 origine

205 1498 547 1545 existimabant,
601 1506 710 1551 apta
755 1506 884 1539 erant
939 1512 1056 1551 quae
1103 1513 1129 1539 a
1171 1499 1467 1551 scriptoribus

205 1601 354 1627 rerum
385 1588 638 1627 divinarum
669 1596 714 1628 et
742 1588 1095 1640 symbolicarum
1126 1588 1384 1627 christianis
1409 1588 1471 1640 (ut

205 1690 232 1715 a
256 1676 496 1716 Lactantio
520 1676 551 1724 I,
573 1680 610 1722 8,
630 1677 669 1727 8)
703 1676 1005 1716 incarnationi
1037 1676 1166 1715 verbi
1198 1676 1223 1716 i.
1239 1690 1275 1715 e.
1306 1675 1471 1716 Christi

206 1765 322 1804 ortui
356 1773 742 1817 compararentur.
776 1789 829 1793 —

297 1869 586 1924 Quamquam
619 1884 744 1923 apes,
778 1871 923 1911 mellis
947 1871 1194 1924 colligendi
1220 1884 1360 1911 causa
1390 1872 1471 1911 cir-

208 1973 310 1999 cum
347 1958 483 1999 fiores
522 1960 788 2007 volitantes,
828 1972 983 1999 eorum
1025 1973 1086 1999 ex
1127 1959 1308 1999 doliolis
1347 1960 1473 1999 nasci

208 2048 517 2100 pulcherrima
549 2061 602 2087 ac
633 2049 769 2087 valde
802 2047 985 2100 poetica
1018 2053 1088 2087 est
1121 2047 1286 2100 opinio,
1320 2054 1473 2087 tamen

209 2136 355 2176 minus
388 2136 590 2188 vulgaris
631 2137 747 2176 haec
781 2144 894 2184 erat,
936 2150 1071 2188 quam
1104 2137 1199 2184 illa,
1238 2151 1328 2189 qua
1361 2150 1474 2189 apes

210 2239 271 2264 ex
301 2238 492 2277 corpore
522 2225 692 2264 bubulo
722 2224 979 2277 putrefacto
1008 2225 1192 2277 genitas
1218 2239 1320 2265 esse
1344 2232 1474 2277 puta-

211 2315 357 2354 batur.

300 2400 430 2453 Quae
477 2401 630 2442 fabula
677 2415 767 2442 non
814 2401 1002 2441 multum
1050 2402 1108 2442 ab
1156 2401 1256 2441 aliis
1305 2400 1474 2447 differt;

1198 2494 1217 2515 2
1222 2483 1239 2500 2¹}
