2042 3070
753 1024 1017 1070 INDEX.

249 1260 302 1290 De
330 1259 482 1289 fontibus
511 1269 527 1288 e
555 1259 677 1298 quibus
703 1257 887 1298 praecipue
914 1258 1084 1289 hausimus

246 1325 299 1355 De
325 1305 526 1365 antiquitate
553 1323 669 1363 apium
695 1322 873 1363 mellisque
899 1323 1050 1354 culturae
1095 1350 1338 1355 ......

248 1390 302 1420 De
330 1389 482 1420 castitate
508 1387 625 1428 apium
667 1414 1337 1422 ...............

247 1455 302 1486 De
328 1459 402 1485 ortu
430 1453 545 1494 apium
574 1464 590 1484 e
619 1453 757 1483 floribus
811 1478 816 1482 .
855 1478 861 1484 .
905 1479 910 1483 .
952 1479 957 1483 .
1000 1478 1007 1484 .
1045 1480 1052 1486 .
1093 1480 1099 1485 .

247 1521 301 1551 De
327 1524 403 1550 ortu
430 1518 547 1559 apium
574 1528 591 1549 e
616 1519 728 1549 bubus
755 1517 953 1558 putrefactis
999 1544 1338 1551 ........

247 1584 345 1616 Aliae
369 1584 435 1615 hae
461 1584 502 1615 de
529 1594 562 1614 re
589 1582 726 1614 fabulae
760 1609 766 1614 .

249 1650 318 1681 Ubi
345 1655 377 1681 et
403 1649 539 1690 quando
567 1654 661 1679 ortae
686 1648 752 1679 sint
779 1658 858 1688 apes
903 1674 909 1680 .
950 1675 956 1680 .
1000 1675 1005 1680 .
1048 1675 1054 1680 .
1095 1675 1101 1680 .
1142 1675 1147 1680 .
1189 1675 1194 1681 .
1239 1676 1242 1680 .
1286 1674 1292 1680 .
1331 1675 1336 1681 .

247 1716 300 1746 De
327 1714 572 1755 significatione
598 1713 785 1754 symbolica
810 1714 926 1754 apium
953 1714 1048 1745 ducis
1093 1741 1098 1746 .

246 1781 300 1811 De
327 1780 442 1820 apium
468 1779 638 1816 examine,
666 1779 721 1810 vel
748 1779 986 1819 imperatoriae
1012 1779 1066 1810 vel
1093 1780 1203 1820 regiae
1230 1779 1340 1820 digni-

389 1845 476 1882 tatis,
504 1844 643 1875 omnino
669 1843 846 1884 potestatis
873 1844 1137 1885 divitiarumque
1164 1844 1276 1875 omine
1332 1869 1338 1875 .

246 1911 300 1941 De
326 1908 417 1947 fuco,
450 1909 608 1950 pigritiae
633 1908 888 1949 voluptatisque
913 1909 1071 1949 symbolo
1094 1935 1338 1942 ......

250 1976 303 2006 De
329 1984 405 2014 ape,
433 1974 629 2014 diligentiae
656 1974 886 2015 castitatisque
912 1974 1067 2014 symbolo
1095 2001 1100 2006 .
1142 2001 1147 2006 .
1192 2001 1197 2006 .
1238 2001 1243 2006 .

251 2041 304 2071 De
329 2040 445 2080 apium
471 2039 633 2077 examine,
660 2039 735 2070 diro
762 2039 927 2070 militibus
954 2044 1113 2080 portento
1141 2065 1338 2071 .....

250 2105 303 2136 De
337 2105 455 2145 apium
490 2105 661 2142 examine,
697 2104 853 2145 symbolo
892 2105 1087 2136 inimicitiae
1130 2110 1163 2136 et
1201 2109 1342 2145 propter

392 2170 586 2201 aculeorum
613 2170 682 2201 vim
709 2176 741 2202 et
767 2175 908 2211 propter
934 2170 1001 2201 mel
1026 2180 1127 2210 saepe
1153 2170 1293 2200 noxium
1332 2196 1338 2201 .

251 2236 304 2266 De
331 2235 446 2276 apium
473 2236 637 2273 examine,
665 2235 875 2266 coloniarum
901 2235 1057 2276 symbolo
1084 2235 1222 2276 placido
1280 2262 1285 2267 .
1328 2261 1333 2266 .

250 2301 303 2331 De
329 2294 452 2337 Musis,
493 2310 579 2341 quae
610 2301 731 2341 apibus
756 2301 869 2341 specie
895 2306 927 2331 et
953 2300 1063 2332 forma
1088 2300 1211 2332 similes
1236 2300 1341 2331 Athe-

391 2365 559 2396 niensium
578 2366 611 2396 1'n
628 2366 760 2397 Ioniam
778 2366 1011 2407 navigantium
1036 2365 1137 2397 duces
1157 2365 1294 2396 fuerunt
1308 2388 1316 2396 .
1331 2387 1338 2395 .

251 2430 304 2460 De
331 2439 394 2470 ape
420 2430 454 2460 in
481 2431 625 2461 nummis
653 2430 881 2471 Ephesiorum
910 2436 1060 2461 exstante
1098 2457 1103 2462 .

1415 1212 1485 1244 Pag.

1412 1265 1497 1295 1—8

1409 1329 1523 1360 8-12

1387 1395 1521 1426 12-18

1387 1459 1522 1497 18—19

1389 1524 1521 1561 19—28

1383 1588 1522 1626 28—-29

1383 1658 1523 1691 29—30

1386 1723 1467 1755 30-
1482 1724 1520 1755 3>

1384 1853 1522 1885 35-39

1387 1917 1524 1951 39-42

1385 1982 1521 2014 42-43

1385 2036 1524 2079 43-60

1385 2168 1523 2210 60—67

1386 2232 1523 2276 67—63

1385 2363 1523 2406 68—69

1433 2428 1475 2471 69
