2042 3070
1005 422 1264 461 ψὸψ

507 544 628 584 solus
663 542 897 596 propriam
933 540 1017 581 sibi
1049 541 1271 580 rationem
1305 541 1511 593 praebet,
1551 554 1770 593 magnum

507 633 638 673 huius
673 631 937 684 exemplum
970 636 1232 683 sequuntur.

596 721 776 761 Deinde
829 720 872 759 in
921 718 1165 773 Georgicis
1215 719 1410 772 Vergilii
1463 719 1618 771 paullo
1669 727 1773 772 post

509 810 729 850 Varronis
763 811 840 858 ,de
872 823 921 850 re
954 808 1136 850 rustica'
1174 809 1339 848 librum
1379 808 1560 861 scriptis
1600 807 1772 848 fabula-

508 913 605 939 rum
625 900 755 952 lepos
776 913 927 939 rerum
952 899 1226 939 naturalium
1250 899 1481 951 gravitate
1503 898 1774 938 suavissime

510 988 678 1028 mixtus
712 988 843 1028 nobis
876 994 1082 1041 apparet.
1137 987 1390 1029 Columella
1422 994 1575 1028 autem
1609 994 1654 1028 et
1685 986 1773 1027 Pli-

510 1078 609 1118 nius
661 1078 778 1118 sicut
823 1078 1067 1127 Aelianus,
1116 1078 1343 1118 versatilis
1400 1077 1475 1117 ille
1521 1076 1776 1124 Romanus,

512 1167 587 1220 qui
619 1181 791 1220 graeca
823 1168 982 1221 lingua
1014 1168 1246 1216 utebatur,
1294 1156 1512 1220 repetunt
1545 1179 1618 1214 ea,
1659 1179 1776 1219 quae

512 1256 707 1309 plurima
754 1257 929 1309 priores
983 1264 1120 1296 antea
1169 1256 1396 1296 dixerunt.
1474 1254 1673 1296 Accedit
1724 1254 1777 1294 iis

511 1347 624 1387 liber
657 1348 733 1395 ‚de
769 1354 898 1388 antro
931 1345 1264 1401 Nympharum'
1297 1345 1563 1399 Porphyrii,
1606 1345 1682 1397 qui
1719 1344 1778 1384 ad

514 1435 874 1489 significationes
913 1437 1067 1490 apium
1107 1437 1346 1490 mellisque
1389 1434 1664 1488 symbolicas
1705 1446 1777 1473 co-

514 1527 807 1578 gnoscendas
830 1526 1017 1566 maximi
1039 1526 1258 1566 momenti
1284 1532 1365 1565 est.
1420 1523 1521 1577 QUO
1546 1538 1606 1564 ex
1632 1523 1778 1577 philo·
1832 1518 1833 1523 ¹

514 1616 673 1667 sopho,
693 1629 970 1668 quamquam
993 1616 1126 1656 tertio
1146 1630 1190 1669 p.
1207 1615 1307 1656 Chr.
1329 1629 1369 1656 n.
1391 1615 1576 1655 saeculo
1597 1614 1780 1654 Romae

514 1704 707 1757 scripsit,
743 1712 895 1745 tamen
927 1706 983 1745 de
1013 1705 1337 1745 vetustioribus
1368 1704 1649 1745 Graecorum
1681 1715 1780 1742 sen—

515 1793 667 1834 tentiis
709 1794 995 1834 coniecturas
1033 1794 1186 1835 facere
1220 1795 1343 1845 licet7
1389 1794 1495 1847 quia
1529 1791 1782 1833 doctrinam

515 1882 802 1922 Platonicam
837 1885 1127 1937 sequebatur.
1676 1878 1695 1886 ’

607 1972 834 2013 Nonnulla
858 1986 917 2013 ex
940 1973 1149 2014 Palladio
1173 1986 1369 2026 quoque,
1395 1972 1543 2026 quarti
1568 1970 1782 2025 p.Chr.n,.

519 2063 691 2103 saeculi
722 2069 908 2103 auctore
938 2063 1003 2103 rei
1035 2063 1246 2109 rusticae,
1278 2062 1461 2102 tametsi
1485 2076 1509 2101 e
1533 2060 1785 2115 Columella

519 2152 650 2205 plura
683 2153 981 2204 excerpebat‚
1015 2167 1042 2192 a
1063 2152 1195 2191 nobis
1225 2151 1456 2204 exquisita
1488 2157 1610 2190 sunt:
1644 2149 1786 2189 multa

519 2249 671 2282 autem
712 2256 772 2282 ex
805 2241 932 2281 libris
966 2240 1357 2293 Geoponicorum,
1397 2240 1473 2293 qui
1506 2254 1532 2279 a
1566 2238 1784 2279 Constan-

521 2332 614 2372 tino
649 2330 858 2384 Septimo
890 2331 1351 2384 PorphyrogennetQ
1384 2329 1660 2382 imperatore
1694 2326 1784 2379 By-

523 2421 771 2461 zantiorum
806 2421 971 2460 decimi
993 2435 1035 2473 p.
1056 2419 1157 2460 Chr.
1179 2433 1219 2459 n.
1254 2418 1439 2466 saeculi,
1479 2417 1661 2456 demum
1695 2415 1785 2455 col-
