2042 3070
972 424 1260 464 &Tor-us·-

487 544 714 585 examinis
761 543 1114 596 rempublicam,
1169 556 1288 596 quae
1341 542 1473 590 unius
1521 548 1751 595 potestate

486 633 673 687 regitur,
696 646 831 673 omen
853 632 1053 673 faustum
1087 632 1146 672 ad
1169 631 1490 685 accipiendum
1511 631 1753 684 imperium

487 723 840 777 symbolumque
862 721 1043 775 regium
1074 729 1118 762 et
1140 728 1332 774 propter
1354 720 1625 774 diligentem
1647 734 1752 774 pro-

487 811 785 866 pagationem
808 812 1065 865 symbolum
1089 810 1369 851 coloniarum
1400 809 1524 851 facta
1546 817 1636 858 est,
1670 810 1753 850 sed

489 902 627 943 etiam
665 907 854 955 propter
893 900 1040 941 aculei
1078 900 1169 940 vim
1210 910 1255 941 et
1295 899 1386 939 mel
1428 911 1570 951 saepe
1603 898 1752 953 perni-

488 991 661 1032 ciosum
695 990 842 1031 dirum
864 996 1126 1043 portentum
1159 989 1370 1030 omnibus
1401 988 1617 1029 militibus
1651 1001 1753 1029 esse

486 1081 737 1134 putabatur
785 1079 966 1133 (quibus
1017 1093 1076 1119 ex
1120 1080 1257 1119 rebus
1297 1085 1459 1118 natura
1498 1077 1593 1118 eius
1633 1091 1753 1132 sym-

485 1169 637 1211 bolica
685 1181 857 1222 anceps
905 1168 1036 1209 nobis
1083 1167 1252 1222 patet):
1309 1157 1372 1207 sic
1415 1180 1586 1215 rosam,
1636 1181 1755 1221 quae

487 1260 693 1300 similiter
753 1264 940 1312 praeter
996 1258 1163 1298 odores
1223 1270 1389 1297 suaves
1449 1256 1605 1310 spinas
1656 1256 1756 1305 fert,

489 1363 591 1391 cum
636 1363 725 1402 ape
765 1356 1076 1402 comparatam
1119 1347 1396 1393 invenimus;
1453 1346 1609 1400 itaque
1663 1360 1754 1387 am-

487 1441 571 1479 bas
614 1438 826 1493 symbola
874 1445 918 1478 et
967 1437 1135 1478 doloris
1183 1444 1228 1478 et
1275 1437 1541 1478 deliciarum
1589 1438 1761 1481 amoris.

488 1527 628 1568 fuisse
668 1527 976 1581 intelligimus.
1040 1527 1197 1581 Atque
1239 1529 1356 1568 haec
1396 1528 1539 1568 verba
1570 1527 1756 1568 Petroni

489 1618 666 1659 Arbitri
715 1619 768 1672 (c.
801 1617 869 1669 56)
920 1618 976 1657 de
1026 1617 1213 1670 apibus:
1268 1616 1388 1665 ,ideo
1443 1622 1596 1657 autem
1643 1630 1756 1670 pun-

490 1715 623 1762 gunt,
673 1707 778 1761 quia
817 1706 1093 1759 ubicumque
1127 1706 1260 1747 dulce
1301 1712 1370 1746 est
1403 1705 1464 1746 ibi
1497 1712 1542 1745 et
1575 1705 1757 1745 acidum

491 1795 822 1837 invenies'....
869 1797 1033 1836 eodem
1072 1795 1208 1835 modo
1250 1796 1306 1835 de
1345 1794 1459 1835 rosis
1500 1794 1634 1834 scribi
1675 1807 1756 1847 po-

489 1887 693 1927 tuissent.
727 1909 782 1914 —

580 1976 742 2028 Itaque
784 1988 882 2015 cum
924 1974 969 2014 in
1008 1974 1260 2014 simulacris
1301 1973 1479 2013 Dianae
1512 1972 1775 2026 Ephesiae„

491 2078 610 2118 quae
642 2063 924 2104 Menetreius
959 2070 1003 2103 et
1036 2062 1261 2103 Bellorius
1301 2062 1606 2116 collegerunt,
1645 2075 1757 2115 apes

492 2167 594 2195 cum
626 2152 741 2193 rosis
775 2152 1042 2193 coniunctas
1065 2152 1316 2199 videamus
1349 2153 1510 2192 horum
1543 2164 1758 2191 versuum

493 2242 743 2290 Claudiani,
777 2242 853 2294 qui
882 2241 1036 2294 apium
1066 2255 1363 2295 rosarumque
1395 2246 1604 2281 naturam
1637 2239 1756 2280 simi-

491 2333 583 2372 lem
624 2339 718 2372 tam
758 2330 983 2371 subtiliter
1024 2329 1252 2384 depingit,
1298 2329 1430 2370 nobis
1471 2329 1515 2368 in
1558 2333 1758 2368 mentem

492 2421 617 2463 venit
653 2422 888 2474 (Fescenn.
920 2420 1035 2472 105):
