2042 3070
720 442 1008 482 *374

231 576 269 604 a.
297 561 400 603 Chr.
425 575 466 602 n.
516 574 634 601 anno
680 560 725 600 in
767 561 1056 615 tyrannidem
1098 560 1493 615 Syracusanorum

230 649 458 697 ascendit;
492 663 628 703 quam
651 657 870 691 mutatam
899 650 1049 690 subito
1078 649 1305 690 fortunam
1338 651 1492 703 apium

231 752 427 779 examen
451 738 492 778 ei
514 739 832 792 pronuntiasse
851 738 1011 780 Cicero
1035 752 1095 779 ex
1116 739 1320 787 Philisto,
1343 753 1493 780 rerum

230 826 624 881 Syracusanarum
657 827 892 880 scriptore,
928 807 1027 867 aliis
1061 827 1282 868 similibus
1315 828 1492 869 coniec-

227 916 339 957 turis
371 916 539 965 relatis,
572 917 636 957 ita
666 924 821 957 narrat
851 916 907 968 (d.
933 916 1068 956 divin.
1092 916 1125 967 Ι,
1151 917 1242 968 33):

316 1015 480 1064 ,Facta
533 1014 794 1055 coniectura
846 1015 983 1055 etiam
1035 1015 1080 1055 in
1133 1015 1356 1069 Dionysio
1411 1024 1493 1065 est,

226 1105 382 1158 paullo
424 1110 529 1144 ante
561 1117 697 1157 quam
729 1117 927 1157 regnare
962 1103 1125 1157 coepit,
1166 1104 1242 1157 qui
1275 1117 1376 1145 cum
1409 1118 1493 1157 per

226 1207 389 1246 agrurn
428 1193 702 1233 Leontinum
742 1192 827 1233 iter
864 1191 1037 1234 faciens
1082 1206 1248 1246 equum
1280 1192 1381 1246 ipse
1415 1193 1491 1233 de-

226 1282 499 1323 misisset-in
521 1281 700 1330 flumen,
735 1282 1000 1322 submersus
1025 1295 1169 1335 equus
1193 1281 1492 1336 voraginibus

224 1385 315 1412 non
338 1371 535 1412 exstitit:
567 1384 702 1424 quem
735 1384 836 1412 cum
866 1372 1068 1412 maxima
1091 1372 1382 1413 contentione
1402 1386 1492 1412 non

224 1461 451 1514 potuisset
491 1461 755 1509 extrahere,
795 1460 1028 1508 discessit,
1074 1467 1124 1502 ut
1160 1461 1222 1502 ait
1259 1461 1491 1509 Philistus,

224 1563 365 1603 aegre
412 1548 576 1590 ferens.
653 1548 766 1590 Cum
813 1556 965 1590 autem
1013 1550 1340 1603 aliquantulum
1387 1564 1491 1604 pro-

224 1652 414 1693 gressus
463 1643 602 1687 esset,
655 1638 804 1680 subito
847 1638 1086 1679 exaudivit
1127 1639 1367 1687 hinnitum,
1421 1653 1490 1680 re-

226 1728 469 1782 spexitque
518 1736 563 1769 et
602 1741 767 1781 equum
815 1728 1014 1768 alacrem
1058 1728 1207 1768 laetus
1252 1729 1489 1782 adspexit;

225 1815 352 1857 cuius
390 1816 436 1857 in
467 1817 574 1857 iuba
607 1830 802 1857 examen
834 1830 972 1870 apum
1006 1818 1290 1858 consederat.
1355 1816 1490 1870 Quod

224 1914 452 1947 ostentum
484 1905 644 1947 habuit
676 1906 794 1946 hanc
826 1905 931 1954 vim,
968 1912 1018 1946 ut
1048 1905 1298 1960 Dionysius
1330 1906 1490 1959 paucis

223 2001 329 2048 post
361 1995 523 2035 diebus
554 2008 752 2048 regnare
786 1995 1018 2048 coeperit.'

310 2084 483 2125 Plinius
506 2097 686 2137 quoque
720 2085 790 2138 (N.
808 2084 866 2125 H.
885 2084 1010 2132 VIII,
1030 2085 1098 2136 64)
1132 2084 1266 2125 huius
1296 2091 1488 2126 eventus

222 2174 380 2228 gravis
412 2173 689 2214 mentionem
720 2172 841 2215 facit.
896 2173 954 2214 Et
986 2172 1210 2214 Aelianus
1243 2173 1391 2214 eidem
1424 2174 1490 2214 rei

225 2264 503 2317 explanatae
526 2263 643 2303 haec
675 2262 802 2303 addit
825 2262 947 2316 (Var.
971 2262 1072 2303 hist.
1098 2262 1205 2312 XII,
1225 2263 1316 2316 64):
1350 2260 1490 2316 ,Ἔφα-

224 2364 304 2391 σαν
326 2349 392 2392 οὖν
413 2350 450 2392 οἱ
477 2350 703 2391 Γαλεῶται
728 2348 825 2404 πρὸς
852 2348 923 2391 τὸν
944 2348 1148 2391 Διονύσιον
1176 2349 1364 2404 ἐρόμενον
1392 2348 1490 2405 ὑπὲρ

223 2436 395 2487 τούτων,
426 2436 489 2478 ὅτι
519 2440 663 2477 ταῦτα
693 2436 925 2492 μοναρχίαν
956 2436 1074 2491 δηλοῖ
1084 2439 1103 2477 '.
1135 2462 1187 2465 —
