2042 3070
682 426 998 466 „ae-1534

296 546 532 599 Nusquam
582 545 700 585 enim
741 545 977 585 Bacchum
1025 545 1174 599 ipsum
1217 545 1347 586 favos
1390 559 1468 585 ex-

210 635 375 675 emisse
406 635 613 688 legimus.
680 633 776 675 Sed
809 634 851 674 ei
883 640 1090 687 potestas
1121 634 1345 687 liquorum
1377 635 1470 675 vini

210 731 254 764 et
295 724 425 765 lactis
473 713 518 764 et
565 723 710 764 mellis
754 737 778 763 e
821 730 943 763 terra
991 722 1315 763 eliciendorum
1363 724 1470 764 data

208 811 348 853 fuisse
371 812 525 857 fertur,
559 814 665 853 dum
689 825 791 853 cum
814 812 949 852 turba
971 810 1240 865 Satyrorum
1262 812 1470 852 Baccha-

208 915 399 955 rumque
452 915 535 956 per
576 902 811 955 Phrygiae
859 907 1038 943 montes
1081 901 1350 955 Lydiaeque
1393 916 1470 941 va-

209 998 367 1044 gatur:

265 1077 355 1125 ,Ῥεῖ
381 1078 425 1118 δὲ
450 1076 643 1133 γάλακτι
668 1078 798 1127 πέδον,
830 1079 889 1133 ῥεῖ
917 1078 949 1120 δ’
971 1077 1074 1127 οἴνα),
1107 1079 1165 1133 ῥεῖ
1195 1077 1238 1119 δὲ
1267 1079 1472 1133 μελισσᾶν

265 1164 453 1219 Nem-:apt
475 1197 483 1204 .
503 1197 510 1205 .
530 1167 563 1214 .’,
594 1174 642 1208 ut
664 1167 906 1221 Euripides
934 1169 997 1208 ait
1026 1168 1212 1221 (Bacch.
1238 1168 1345 1219 142).
1372 1191 1426 1196 —

210 1256 367 1309 Atque
404 1255 577 1300 ‚ibidem
614 1257 837 1310 legimus:
888 1257 924 1297 si
963 1271 1053 1310 qua
1085 1257 1272 1297 Baccha
1311 1257 1471 1310 thyrso

210 1358 373 1384 saxum
406 1345 602 1398 attingit,
636 1360 755 1399 aqua
789 1346 1004 1398 erumpit;
1039 1346 1076 1386 si
1100 1359 1202 1386 eum
1232 1346 1275 1385 in
1303 1352 1471 1386 terram

208 1433 400 1486 infingst,
433 1434 586 1474 vinum
611 1433 874 1483 effunditur;
909 1435 945 1475 si
967 1442 1134 1476 terram
1161 1435 1316 1488 digitis
1339 1436 1470 1485 radit,

206 1522 278 1562 lac
314 1528 496 1563 emanat
516 1557 522 1564 .
544 1554 553 1563 .
577 1556 585 1563 .

736 1608 797 1660 ,ἐκ
827 1609 871 1651 δὲ
899 1613 1094 1651 κισσινῶν

262 1693 433 1749 θύρσων
453 1696 650 1750 γλυκεῖαι
675 1695 841 1749 μέλιτος
863 1695 1044 1752 ἔσταζον
1068 1696 1180 1751 poa?
1205 1700 1260 1752 (v.
1284 1700 1393 1751 710).
1414 1723 1469 1728 —

296 1798 448 1839 Primo
479 1806 631 1840 autem
660 1813 769 1840 vere
798 1807 965 1841 terram
998 1800 1228 1841 Himerius
1251 1799 1470 1853 Sophista

209 1887 354 1940 (XIII,
383 1888 421 1941 7)
456 1895 800 1937 commemorat,
847 1890 977 1942 quasi
1015 1890 1263 1930 adventum
1296 1890 1470 1930 Bacchi

211 1976 410 2025 sentiret,
445 1977 666 2018 edidisse:

292 2063 404 2117 ,μέλι
437 2063 512 2105 καὶ
546 2062 669 2118 γάλα
706 2063 780 2106 καὶ
819 2064 1031 2119 ποταμούς
1070 2079 1186 2116 τινας
1226 2064 1358 2106 αὐτοῦ
1395 2069 1470 2106 τοῦ

207 2150 407 2204 νέκταρος,
436 2149 635 2204 Σατΰροις
664 2165 712 2192 τε
740 2150 815 2192 καὶ
845 2149 1040 2206 Βάκχαις
1071 2148 1303 2206 ἀρύεσθαι]
1335 2177 1389 2181 —-

297 2238 391 2280 Sed
439 2239 555 2279 haec
607 2240 840 2280 hactenus,
909 2241 1142 2281 Bacchum
1191 2255 1217 2281 a
1263 2240 1469 2280 Macride

206 2328 412 2382 nympha
434 2328 568 2368 melle
591 2328 803 2368 nutritum
834 2342 947 2376 esse,
978 2342 1116 2381 supra
1139 2329 1468 2370 annotavimus.

207 2417 362 2458 Aliam
409 2430 519 2456 vero
572 2418 630 2456 de
683 2418 888 2457 eiusdem
941 2418 1214 2458 educatione
1268 2418 1468 2459 fabulam
