2042 3070
991 413 1280 453 ψεδομ-Ρ

503 546 652 586 neque
683 531 885 572 Romani
923 544 1073 583 neque
1112 538 1297 571 nostrae
1331 529 1496 586 aetatis
1528 530 1612 569 viri
1646 529 1770 570 docti

503 623 824 669 observavere,
858 633 999 673 saepe
1023 620 1169 659 visum
1201 633 1303 659 esse
1335 619 1400 658 ita
1423 619 1559 658 docet
1593 619 1651 671 (p.
1673 620 1769 670 761.

503 710 549 750 A
584 724 602 762 7
647 711 715 750 ed.
754 710 944 761 Bekk.):
1003 706 1270 762 ,ἐχευὲμεναι
1308 708 1452 761 (apes)
1491 705 1534 746 δὲ
1573 709 1770 760 *semim-w

503 796 566 837 ὑπ’
606 795 820 850 αλλήλων.
892 796 1028 838 (ἂι-,ται
1069 794 1155 852 γὰρ
1203 795 1409 848 mma-aeg
1448 798 1469 839 ὁ
1510 796 1771 852 συνδυασμὸς

505 883 673 924 αυτ-ὄψ’.
707 910 759 913 --

592 973 755 1025 Itaque
789 972 926 1012 etiam
951 971 1158 1024 quaestio
1190 971 1303 1011 varii
1337 971 1453 1012 inter
1485 986 1598 1024 apes
1631 985 1772 1011 sexus

504 1062 562 1101 ab
597 1074 652 1100 eo
685 1061 934 1107 excutitur,
973 1075 1112 1114 quae,
1151 1061 1380 1113 quomodo
1419 1074 1468 1100 se
1502 1061 1625 1113 apud
1659 1060 1772 1100 alios

506 1164 686 1203 quoque
721 1158 932 1191 auctores
960 1149 1236 1202 praebuerit,
1270 1149 1565 1202 explananda
1597 1149 1693 1189 erit.
1721 1174 1772 1179 --

595 1247 805 1288 Examen
825 1247 1009 1300 quidem
1032 1247 1076 1286 in
1102 1248 1276 1294 ducem,
1299 1246 1434 1295 fures,
1458 1260 1572 1299 apes
1589 1270 1621 1274 —
1640 1259 1776 1299 quam
1799 1239 1802 1241 Α

506 1337 712 1377 ordinem
741 1342 898 1377 nostra
926 1337 970 1376 in
1001 1335 1327 1388 explanatione
1350 1336 1609 1385 tenebimus
1632 1360 1664 1363 —
1687 1335 1777 1375 iam

506 1427 631 1479 apud
668 1433 870 1473 veteres,
907 1431 956 1464 ut
993 1425 1132 1465 hodie
1171 1438 1374 1478 quoque,
1418 1425 1614 1464 divisum
1657 1430 1777 1473 erat;

508 1516 590 1554 sed
621 1516 678 1554 de
712 1528 867 1554 eorum
902 1527 1018 1554 sexu
1051 1515 1167 1555 inter
1198 1528 1281 1554 nos
1316 1521 1361 1554 et
1386 1522 1569 1553 veteres
1603 1513 1777 1553 dissen-
1830 1515 1831 1518 ’

508 1604 682 1644 sionem
700 1603 1060 1651 observabimus,
1085 1617 1203 1656 quae
1228 1603 1271 1642 in
1296 1600 1633 1655 significatione
1657 1615 1778 1656 sym-

505 1693 658 1732 bolica
688 1692 841 1744 apium
865 1692 993 1732 ducis
1017 1692 1317 1744 percipienda
1346 1692 1535 1732 maximi
1557 1690 1776 1731 momenti

509 1788 553 1822 et
586 1781 803 1834 ponderis
837 1787 918 1821 est.

596 1870 714 1910 Fere
737 1883 896 1910 omnes
921 1869 1105 1922 quidem
1128 1876 1322 1917 veteres,
1357 1868 1510 1921 apium
1535 1870 1699 1922 ducem
1724 1893 1777 1897 —

509 1973 645 2012 quam
674 1972 757 1998 nos
784 1958 994 2011 reginam
1019 1983 1066 1986 —
1098 1972 1215 1997 sexu
1238 1958 1354 1997 virili
1383 1971 1486 1997 esse
1509 1959 1595 1999 rati
1616 1971 1776 2013 regem

509 2049 751 2088 vocabant.
802 2048 853 2087 Id
879 2048 1000 2100 quod
1035 2046 1285 2099 praecipue
1320 2060 1381 2086 ex
1413 2047 1489 2086 illo
1512 2046 1778 2087 Aristotelis

508 2138 611 2177 loco
634 2136 919 2190 pei-tucidum
942 2134 1002 2184 fit,
1035 2136 1112 2175 ubi
1143 2136 1200 2175 de
1231 2135 1398 2188 triplici
1415 2135 1581 2188 apium
1605 2148 1778 2188 genere

510 2227 572 2266 ita
605 2226 787 2266 disserit
820 2226 874 2278 (v,
899 2239 941 2277 p.
966 2228 1059 2276 760.
1084 2225 1122 2264 Β
1150 2238 1169 2276 7
1196 2225 1265 2264 ed.
1290 2224 1479 2276 Bekk):

594 2312 670 2362 ,Ευ
699 2312 743 2352 δὲ
776 2311 851 2352 καὶ
880 2311 929 2353 τὲ
959 2311 1055 2361 τεὺς
1094 2310 1276 2362 Βασιλεῖς,
1315 2310 1453 2366 ὥσπερ
1491 2309 1780 2364 πεπυιημένους

1091 2350 1098 2366 Δ

510 2395 574 2439 ἐπὶ
603 2397 804 2439 τέκνωσιν
836 2396 919 2439 ἔσο)
951 2397 1098 2451 μένειν,
1136 2393 1378 2451 ἀφειμένους
1414 2400 1498 2438 τῶν
1531 2393 1780 2450 ἀναγκαίων

2039 1565 2042 1576 -
2030 1445 2042 1541 ,QL—
2036 1280 2042 1416 -—-..-—
