2042 3070
901 454 1218 497 *⁴150ss

431 575 520 616 mel
551 574 739 622 fluebat,
780 588 869 628 quo
906 575 1008 628 ipso
1041 588 1150 634 suco
1183 575 1388 629 Iuppiter
1424 588 1533 616 -eum
1566 575 1688 622 vicit,

427 665 543 704 haec
577 677 602 704 e
634 663 873 704 Macrobio
907 662 1101 717 (Saturn.
1127 664 1160 711 I,
1188 663 1226 715 7>
1259 664 1516 705 haurimus:

516 752 817 806 ,Cyrenenses
833 788 836 792 .
854 785 862 793 .
879 785 905 801 .,
931 766 1033 793 eum
1055 766 1150 793 rem
1170 752 1370 792 divinam
1394 752 1436 792 ei
1459 750 1686 805 (Saturno)

426 840 608 888 faciunt,
641 839 739 882 ficis
767 841 1026 883 recentibus
1056 847 1328 881 coronantur
1357 841 1687 894 placentasque

426 937 582 971 mutuo
615 930 852 979 missitant,
891 930 1036 970 mellis
1070 938 1115 970 et
1147 928 1372 970 fructuum
1405 937 1686 982 repertorem

426 1018 670 1060 Saturnum
694 1019 1000 1060 aestimantes'
1025 1019 1080 1071 (v,
1100 1026 1157 1059 et.
1178 1018 1317 1058 Alex.
1342 1018 1399 1059 ab
1417 1017 1555 1058 Alex.
1580 1031 1684 1071 gen.

426 1108 534 1150 dier.
558 1108 657 1150 libr.
684 1108 740 1156 II,
769 1108 848 1160 22).
884 1133 937 1137 —

516 1197 646 1250 Apes
678 1204 829 1238 autem
860 1211 886 1238 a
908 1196 1149 1238 Curetibus
1173 1221 1222 1225 -—
1249 1203 1298 1237 ut
1331 1210 1469 1250 supra
1491 1196 1687 1236 vidimus

427 1310 480 1314 ——
515 1286 663 1326 sonitu
697 1286 1011 1340 cymbalorum
1043 1286 1165 1326 Iovis
1199 1286 1327 1338 pueri
1361 1285 1513 1325 alendi
1547 1298 1686 1326 causa

426 1375 615 1414 allectas
655 1388 756 1415 esse
802 1380 982 1414 veteres
1023 1380 1312 1427 putaverunt.
1392 1372 1494 1426 Qua
1531 1373 1687 1414 fabula

423 1462 616 1503 fortasse
649 1469 885 1516 permotus
918 1463 1149 1503 Diodorus
1189 1469 1343 1503 narrat
1376 1462 1445 1514 (V,
1471 1462 1562 1514 65):
1588 1495 1595 1502 .
1616 1495 1622 1503 .
1644 1496 1652 1503 .
1675 1495 1683 1503 .

506 1557 734 1611 ,ἱστοροῦσι
857 1554 1155 1611 Κούρητας
1201 1553 1259 1597 τὰ
1298 1555 1386 1610 nef).
1425 1552 1504 1605 τὰς
1545 1556 1685 1608 μελιτ-

422 1641 618 1696 τουργίας
648 1641 922 1699 καταδεῖξαιῖ

423 1730 579 1783 Atque
621 1730 818 1772 Iustinus
862 1745 886 1770 e
925 1730 1146 1784 Pompeio
1178 1731 1334 1784 Trogo
1375 1732 1491 1771 haec
1535 1731 1685 1772 hausit

400 1798 698 1871 v(XL1V‚4>:

509 1907 632 1955 ‚Rex
653 1908 987 1949 vetustissimus
1012 1907 1257 1961 (Curetum)
1281 1906 1503 1961 Gargoris
1533 1907 1681 1947 mellis

423 1996 668 2050 colligendi
701 2010 831 2036 usum
864 1995 1062 2037 invenit.’
1098 2021 1151 2026 —

508 2085 672 2138 Neque
704 2099 814 2126 vero
847 2085 1088 2127 Aristaeus
1122 2085 1436 2139 Gargorisque
1470 2085 1553 2125 soli
1592 2085 1682 2125 mel

422 2180 466 2213 et
500 2172 596 2214 eius
635 2188 765 2214 usum
798 2175 1059 2228 repperisse
1093 2175 1381 2220 dicebantur,
1424 2174 1506 2214 sed
1544 2173 1680 2214 etiam

421 2262 654 2302 Bacchus:
688 2276 964 2316 quamquam
998 2263 1199 2303 nonnulli
1226 2287 1280 2292 —
1311 2271 1359 2303 ut
1389 2263 1583 2303 vidimus
1613 2287 1680 2308 —‚

420 2352 615 2391 eundem
664 2366 690 2391 a
728 2351 952 2399 Macride,
1000 2351 1201 2392 Aristaei
1252 2351 1359 2401 filia,
1407 2352 1495 2392 iam
1544 2352 1679 2391 melle

419 2447 601 2492 pastum
636 2454 738 2480 esse
770 2442 966 2481 tradunt.
1031 2441 1132 2480 Iure
1171 2440 1422 2493 meritoque
1454 2441 1677 2481 inventori
