<?xml version="1.0" encoding="UTF-8"?>
<!DOCTYPE html PUBLIC "-//W3C//DTD XHTML 1.0 Transitional//EN"
    "http://www.w3.org/TR/xhtml1/DTD/xhtml1-transitional.dtd">
<html xmlns="http://www.w3.org/1999/xhtml" xml:lang="en" lang="en">
 <head>
  <title>
</title>
<meta http-equiv="Content-Type" content="text/html;charset=utf-8" />
  <meta name='ocr-system' content='tesseract 3.04.00' />
  <meta name='ocr-capabilities' content='ocr_page ocr_carea ocr_par ocr_line ocrx_word'/>
</head>
<body>
  <div class='ocr_page' id='page_1' title='image "./deapiummellisqve00robeuoft_0087.png"; bbox 0 0 2042 3070; ppageno 0'>
   <div class='ocr_carea' id='block_1_1' title="bbox 706 454 994 495">
    <p class='ocr_par' dir='ltr' id='par_1_1' title="bbox 706 454 994 495">
     <span class='ocr_line' id='line_1_1' title="bbox 706 454 994 495; baseline 0 -5"><span class='ocrx_word' id='word_1_1' title='bbox 706 454 994 495; x_wconf 33' lang='lat'><strong>&amp;834-</strong></span> 
     </span>
    </p>
   </div>
   <div class='ocr_carea' id='block_1_2' title="bbox 218 572 1490 1957">
    <p class='ocr_par' dir='ltr' id='par_1_2' title="bbox 218 572 1485 1423">
     <span class='ocr_line' id='line_1_2' title="bbox 308 572 1477 625; baseline -0.001 -12"><span class='ocrx_word' id='word_1_2' title='bbox 308 607 316 621; x_wconf 95' lang='lat'>,</span> <span class='ocrx_word' id='word_1_3' title='bbox 397 573 546 613; x_wconf 84' lang='lat' dir='ltr'>sciens</span> <span class='ocrx_word' id='word_1_4' title='bbox 570 573 773 613; x_wconf 87' lang='lat' dir='ltr'>dolorem</span> <span class='ocrx_word' id='word_1_5' title='bbox 797 573 893 612; x_wconf 89' lang='lat' dir='ltr'>eius</span> <span class='ocrx_word' id='word_1_6' title='bbox 924 572 1028 624; x_wconf 90' lang='lat' dir='ltr'>(mei</span> <span class='ocrx_word' id='word_1_7' title='bbox 1051 573 1222 625; x_wconf 86' lang='lat' dir='ltr'>populi)</span> <span class='ocrx_word' id='word_1_8' title='bbox 1247 573 1477 620; x_wconf 85' lang='lat' dir='ltr'>descendi,</span> 
     </span>
     <span class='ocr_line' id='line_1_3' title="bbox 218 636 1478 715; baseline 0 -14"><span class='ocrx_word' id='word_1_9' title='bbox 218 669 267 702; x_wconf 90' lang='lat' dir='ltr'>ut</span> <span class='ocrx_word' id='word_1_10' title='bbox 297 662 491 701; x_wconf 85' lang='lat' dir='ltr'>liberum</span> <span class='ocrx_word' id='word_1_11' title='bbox 524 675 627 702; x_wconf 88' lang='lat' dir='ltr'>eum</span> <span class='ocrx_word' id='word_1_12' title='bbox 660 663 717 701; x_wconf 86' lang='lat' dir='ltr'>de</span> <span class='ocrx_word' id='word_1_13' title='bbox 749 660 958 701; x_wconf 86' lang='lat' dir='ltr'>manibus</span> <span class='ocrx_word' id='word_1_14' title='bbox 990 636 1333 715; x_wconf 81' lang='lat' dir='ltr'>Aegyptiorum</span> <span class='ocrx_word' id='word_1_15' title='bbox 1372 662 1478 701; x_wconf 81' lang='lat' dir='ltr'>edu-</span> 
     </span>
     <span class='ocr_line' id='line_1_4' title="bbox 220 750 1480 802; baseline -0.002 -11"><span class='ocrx_word' id='word_1_16' title='bbox 220 765 321 791; x_wconf 86' lang='lat' dir='ltr'>cam</span> <span class='ocrx_word' id='word_1_17' title='bbox 345 751 402 791; x_wconf 86' lang='lat' dir='ltr'>de</span> <span class='ocrx_word' id='word_1_18' title='bbox 425 757 546 791; x_wconf 87' lang='lat' dir='ltr'>terra</span> <span class='ocrx_word' id='word_1_19' title='bbox 575 750 652 790; x_wconf 83' lang='lat' dir='ltr'>illa</span> <span class='ocrx_word' id='word_1_20' title='bbox 684 751 728 790; x_wconf 91' lang='lat' dir='ltr'>in</span> <span class='ocrx_word' id='word_1_21' title='bbox 750 757 918 790; x_wconf 88' lang='lat' dir='ltr'>terram</span> <span class='ocrx_word' id='word_1_22' title='bbox 941 751 1107 790; x_wconf 84' lang='lat' dir='ltr'>bonam</span> <span class='ocrx_word' id='word_1_23' title='bbox 1142 757 1186 790; x_wconf 90' lang='lat' dir='ltr'>et</span> <span class='ocrx_word' id='word_1_24' title='bbox 1219 750 1480 802; x_wconf 76' lang='lat' dir='ltr'>spatiosam,</span> 
     </span>
     <span class='ocr_line' id='line_1_5' title="bbox 219 838 1482 892; baseline -0.001 -13"><span class='ocrx_word' id='word_1_25' title='bbox 219 840 263 879; x_wconf 87' lang='lat' dir='ltr'>in</span> <span class='ocrx_word' id='word_1_26' title='bbox 305 846 494 887; x_wconf 82' lang='lat' dir='ltr'>terram,</span> <span class='ocrx_word' id='word_1_27' title='bbox 543 853 660 892; x_wconf 88' lang='lat' dir='ltr'>quae</span> <span class='ocrx_word' id='word_1_28' title='bbox 699 838 794 880; x_wconf 82' lang='lat' dir='ltr'>fluit</span> <span class='ocrx_word' id='word_1_29' title='bbox 832 840 952 880; x_wconf 83' lang='lat' dir='ltr'>lacte</span> <span class='ocrx_word' id='word_1_30' title='bbox 999 847 1044 880; x_wconf 89' lang='lat' dir='ltr'>et</span> <span class='ocrx_word' id='word_1_31' title='bbox 1082 839 1237 885; x_wconf 88' lang='lat' dir='ltr'>melle,</span> <span class='ocrx_word' id='word_1_32' title='bbox 1285 840 1343 878; x_wconf 87' lang='lat' dir='ltr'>ad</span> <span class='ocrx_word' id='word_1_33' title='bbox 1382 840 1482 878; x_wconf 84' lang='lat' dir='ltr'>loca</span> 
     </span>
     <span class='ocr_line' id='line_1_6' title="bbox 222 927 1481 968; baseline -0.001 0"><span class='ocrx_word' id='word_1_34' title='bbox 222 927 487 968; x_wconf 86' lang='lat' dir='ltr'>Chananaei</span> <span class='ocrx_word' id='word_1_35' title='bbox 528 935 573 968; x_wconf 89' lang='lat' dir='ltr'>et</span> <span class='ocrx_word' id='word_1_36' title='bbox 604 928 803 968; x_wconf 77' lang='lat' dir='ltr'>Hethaei</span> <span class='ocrx_word' id='word_1_37' title='bbox 847 935 892 968; x_wconf 91' lang='lat' dir='ltr'>et</span> <span class='ocrx_word' id='word_1_38' title='bbox 923 927 1198 968; x_wconf 77' lang='lat' dir='ltr'>Amorrhaei</span> <span class='ocrx_word' id='word_1_39' title='bbox 1237 933 1281 967; x_wconf 89' lang='lat' dir='ltr'>et</span> <span class='ocrx_word' id='word_1_40' title='bbox 1312 928 1481 967; x_wconf 87' lang='lat' dir='ltr'>Phere-</span> 
     </span>
     <span class='ocr_line' id='line_1_7' title="bbox 221 1016 1481 1069; baseline -0.002 -12"><span class='ocrx_word' id='word_1_41' title='bbox 221 1017 318 1057; x_wconf 87' lang='lat' dir='ltr'>zaei</span> <span class='ocrx_word' id='word_1_42' title='bbox 351 1024 396 1057; x_wconf 89' lang='lat' dir='ltr'>et</span> <span class='ocrx_word' id='word_1_43' title='bbox 429 1017 609 1056; x_wconf 77' lang='lat' dir='ltr'>Hevaei</span> <span class='ocrx_word' id='word_1_44' title='bbox 643 1023 688 1056; x_wconf 89' lang='lat' dir='ltr'>et</span> <span class='ocrx_word' id='word_1_45' title='bbox 718 1016 941 1056; x_wconf 87' lang='lat' dir='ltr'>Iebusaei&#39;</span> <span class='ocrx_word' id='word_1_46' title='bbox 975 1017 1081 1069; x_wconf 86' lang='lat' dir='ltr'>(qua</span> <span class='ocrx_word' id='word_1_47' title='bbox 1103 1018 1161 1057; x_wconf 88' lang='lat' dir='ltr'>de</span> <span class='ocrx_word' id='word_1_48' title='bbox 1190 1030 1239 1056; x_wconf 85' lang='lat' dir='ltr'>re</span> <span class='ocrx_word' id='word_1_49' title='bbox 1267 1030 1307 1057; x_wconf 89' lang='lat' dir='ltr'>V.</span> <span class='ocrx_word' id='word_1_50' title='bbox 1333 1024 1377 1057; x_wconf 86' lang='lat' dir='ltr'>et</span> <span class='ocrx_word' id='word_1_51' title='bbox 1407 1016 1481 1056; x_wconf 85' lang='lat' dir='ltr'>lib.</span> 
     </span>
     <span class='ocr_line' id='line_1_8' title="bbox 222 1104 1483 1156; baseline -0.002 -11"><span class='ocrx_word' id='word_1_52' title='bbox 222 1106 372 1146; x_wconf 75' lang='lat' dir='ltr'>Exodi</span> <span class='ocrx_word' id='word_1_53' title='bbox 395 1106 477 1153; x_wconf 90' lang='grc' dir='ltr'><strong>ΙΙΙ,</strong></span> <span class='ocrx_word' id='word_1_54' title='bbox 499 1109 543 1153; x_wconf 85' lang='grc'>8;</span> <span class='ocrx_word' id='word_1_55' title='bbox 576 1105 707 1153; x_wconf 87' lang='lat' dir='ltr'>XIII,</span> <span class='ocrx_word' id='word_1_56' title='bbox 734 1119 775 1156; x_wconf 81' lang='grc'>5;</span> <span class='ocrx_word' id='word_1_57' title='bbox 809 1105 1045 1154; x_wconf 86' lang='lat' dir='ltr'>XXXIII,</span> <span class='ocrx_word' id='word_1_58' title='bbox 1071 1120 1108 1156; x_wconf 82' lang='lat'>3.</span> <span class='ocrx_word' id='word_1_59' title='bbox 1157 1105 1346 1145; x_wconf 76' lang='lat' dir='ltr'>Levitic.</span> <span class='ocrx_word' id='word_1_60' title='bbox 1371 1104 1483 1151; x_wconf 87' lang='lat' dir='ltr'>XX,</span> 
     </span>
     <span class='ocr_line' id='line_1_9' title="bbox 227 1193 1484 1247; baseline -0.002 -13"><span class='ocrx_word' id='word_1_61' title='bbox 227 1209 290 1247; x_wconf 74' lang='lat'>24.</span> <span class='ocrx_word' id='word_1_62' title='bbox 354 1195 538 1234; x_wconf 85' lang='lat' dir='ltr'>Numer.</span> <span class='ocrx_word' id='word_1_63' title='bbox 568 1194 703 1241; x_wconf 82' lang='lat' dir='ltr'>XIII,</span> <span class='ocrx_word' id='word_1_64' title='bbox 731 1196 794 1234; x_wconf 82' lang='lat'>28.</span> <span class='ocrx_word' id='word_1_65' title='bbox 863 1194 1112 1234; x_wconf 88' lang='lat' dir='ltr'>Deuteron.</span> <span class='ocrx_word' id='word_1_66' title='bbox 1136 1194 1220 1241; x_wconf 91' lang='lat' dir='ltr'>VI,</span> <span class='ocrx_word' id='word_1_67' title='bbox 1246 1208 1282 1244; x_wconf 80' lang='lat'>3.</span> <span class='ocrx_word' id='word_1_68' title='bbox 1351 1193 1484 1233; x_wconf 82' lang='lat' dir='ltr'>Iosue</span> 
     </span>
     <span class='ocr_line' id='line_1_10' title="bbox 224 1282 1485 1335; baseline -0.002 -11"><span class='ocrx_word' id='word_1_69' title='bbox 224 1284 280 1331; x_wconf 91' lang='lat' dir='ltr'>V,</span> <span class='ocrx_word' id='word_1_70' title='bbox 306 1287 342 1324; x_wconf 83' lang='lat'>6.</span> <span class='ocrx_word' id='word_1_71' title='bbox 407 1283 626 1335; x_wconf 87' lang='lat' dir='ltr'>Prophet.</span> <span class='ocrx_word' id='word_1_72' title='bbox 650 1282 811 1323; x_wconf 89' lang='lat' dir='ltr'>Ierem.</span> <span class='ocrx_word' id='word_1_73' title='bbox 840 1283 931 1330; x_wconf 86' lang='lat' dir='ltr'>XI,</span> <span class='ocrx_word' id='word_1_74' title='bbox 957 1296 991 1334; x_wconf 81' lang='lat'>5.</span> <span class='ocrx_word' id='word_1_75' title='bbox 1056 1283 1279 1322; x_wconf 77' lang='lat' dir='ltr'><strong>Ezechiel.</strong></span> <span class='ocrx_word' id='word_1_76' title='bbox 1308 1282 1421 1329; x_wconf 87' lang='lat' dir='ltr'>XX,</span> <span class='ocrx_word' id='word_1_77' title='bbox 1448 1283 1485 1321; x_wconf 74' lang='grc' dir='ltr'>ὁ.</span> 
     </span>
     <span class='ocr_line' id='line_1_11' title="bbox 226 1371 918 1423; baseline -0.001 -10"><span class='ocrx_word' id='word_1_78' title='bbox 226 1372 534 1413; x_wconf 82' lang='lat' dir='ltr'>Ecclesiastic.</span> <span class='ocrx_word' id='word_1_79' title='bbox 557 1371 731 1419; x_wconf 89' lang='lat' dir='ltr'>XLVI,</span> <span class='ocrx_word' id='word_1_80' title='bbox 761 1372 838 1423; x_wconf 89' lang='lat'><strong>10).</strong></span> <span class='ocrx_word' id='word_1_81' title='bbox 861 1397 918 1400; x_wconf 96' lang='lat'><strong>—</strong></span> 
     </span>
    </p>

    <p class='ocr_par' dir='ltr' id='par_1_3' title="bbox 226 1459 1490 1957">
     <span class='ocr_line' id='line_1_12' title="bbox 313 1459 1485 1513; baseline -0.003 -12"><span class='ocrx_word' id='word_1_82' title='bbox 313 1460 456 1513; x_wconf 90' lang='lat' dir='ltr'><strong>Apud</strong></span> <span class='ocrx_word' id='word_1_83' title='bbox 488 1460 684 1500; x_wconf 88' lang='lat' dir='ltr'>Iudaeos</span> <span class='ocrx_word' id='word_1_84' title='bbox 716 1460 855 1513; x_wconf 82' lang='lat' dir='ltr'>igitur</span> <span class='ocrx_word' id='word_1_85' title='bbox 886 1468 1007 1501; x_wconf 84' lang='lat' dir='ltr'>terra</span> <span class='ocrx_word' id='word_1_86' title='bbox 1040 1466 1198 1512; x_wconf 86' lang='lat' dir='ltr'>optata</span> <span class='ocrx_word' id='word_1_87' title='bbox 1230 1459 1312 1499; x_wconf 79' lang='lat' dir='ltr'>fuit</span> <span class='ocrx_word' id='word_1_88' title='bbox 1342 1459 1485 1512; x_wconf 81' lang='lat' dir='ltr'>regio,</span> 
     </span>
     <span class='ocr_line' id='line_1_13' title="bbox 226 1549 1490 1590; baseline -0.002 -1"><span class='ocrx_word' id='word_1_89' title='bbox 226 1550 301 1589; x_wconf 83' lang='lat' dir='ltr'>ubi</span> <span class='ocrx_word' id='word_1_90' title='bbox 342 1550 432 1589; x_wconf 85' lang='lat' dir='ltr'>mel</span> <span class='ocrx_word' id='word_1_91' title='bbox 471 1563 496 1589; x_wconf 91' lang='lat' dir='ltr'>e</span> <span class='ocrx_word' id='word_1_92' title='bbox 539 1550 668 1589; x_wconf 88' lang='lat' dir='ltr'>eaelo</span> <span class='ocrx_word' id='word_1_93' title='bbox 707 1550 781 1589; x_wconf 85' lang='lat' dir='ltr'>vel</span> <span class='ocrx_word' id='word_1_94' title='bbox 821 1564 881 1590; x_wconf 80' lang='lat' dir='ltr'>ex</span> <span class='ocrx_word' id='word_1_95' title='bbox 921 1550 1158 1589; x_wconf 74' lang='lat' dir='ltr'>arboribus</span> <span class='ocrx_word' id='word_1_96' title='bbox 1198 1549 1271 1588; x_wconf 80' lang='lat' dir='ltr'>vel</span> <span class='ocrx_word' id='word_1_97' title='bbox 1312 1562 1336 1587; x_wconf 92' lang='lat' dir='ltr'>e</span> <span class='ocrx_word' id='word_1_98' title='bbox 1368 1554 1490 1587; x_wconf 84' lang='lat' dir='ltr'>terra</span> 
     </span>
     <span class='ocr_line' id='line_1_14' title="bbox 226 1635 1490 1691; baseline -0.002 -14"><span class='ocrx_word' id='word_1_99' title='bbox 226 1645 512 1678; x_wconf 85' lang='lat' dir='ltr'>manaturum</span> <span class='ocrx_word' id='word_1_100' title='bbox 547 1652 649 1678; x_wconf 89' lang='lat' dir='ltr'>esse</span> <span class='ocrx_word' id='word_1_101' title='bbox 684 1644 1060 1691; x_wconf 76' lang='lat' dir='ltr'>expectaverunt.</span> <span class='ocrx_word' id='word_1_102' title='bbox 1120 1637 1262 1689; x_wconf 85' lang='lat' dir='ltr'>Apud</span> <span class='ocrx_word' id='word_1_103' title='bbox 1285 1635 1490 1676; x_wconf 85' lang='lat' dir='ltr'>Graecos</span> 
     </span>
     <span class='ocr_line' id='line_1_15' title="bbox 228 1725 1488 1780; baseline -0.001 -15"><span class='ocrx_word' id='word_1_104' title='bbox 228 1740 337 1766; x_wconf 80' lang='lat' dir='ltr'>vero</span> <span class='ocrx_word' id='word_1_105' title='bbox 362 1727 693 1780; x_wconf 87' lang='lat' dir='ltr'>Romanosque</span> <span class='ocrx_word' id='word_1_106' title='bbox 727 1728 842 1768; x_wconf 84' lang='lat' dir='ltr'>haec</span> <span class='ocrx_word' id='word_1_107' title='bbox 874 1741 1051 1767; x_wconf 85' lang='lat' dir='ltr'>summa</span> <span class='ocrx_word' id='word_1_108' title='bbox 1084 1725 1390 1766; x_wconf 84' lang='lat' dir='ltr'>munificentia</span> <span class='ocrx_word' id='word_1_109' title='bbox 1424 1725 1488 1764; x_wconf 87' lang='lat' dir='ltr'>di-</span> 
     </span>
     <span class='ocr_line' id='line_1_16' title="bbox 229 1812 1490 1868; baseline -0.002 -13"><span class='ocrx_word' id='word_1_110' title='bbox 229 1815 336 1855; x_wconf 86' lang='lat' dir='ltr'>vina</span> <span class='ocrx_word' id='word_1_111' title='bbox 380 1821 531 1856; x_wconf 85' lang='lat' dir='ltr'>aetate</span> <span class='ocrx_word' id='word_1_112' title='bbox 573 1829 712 1855; x_wconf 86' lang='lat' dir='ltr'>aurea</span> <span class='ocrx_word' id='word_1_113' title='bbox 741 1817 830 1856; x_wconf 79' lang='lat' dir='ltr'>&#39;diu</span> <span class='ocrx_word' id='word_1_114' title='bbox 872 1816 1138 1868; x_wconf 72' lang='lat' dir='ltr'>praeterita,</span> <span class='ocrx_word' id='word_1_115' title='bbox 1189 1828 1291 1855; x_wconf 83' lang='lat' dir='ltr'>eum</span> <span class='ocrx_word' id='word_1_116' title='bbox 1333 1812 1490 1854; x_wconf 83' lang='lat' dir='ltr'>Satur-</span> 
     </span>
     <span class='ocr_line' id='line_1_17' title="bbox 228 1904 1430 1957; baseline -0.001 -13"><span class='ocrx_word' id='word_1_117' title='bbox 228 1917 312 1944; x_wconf 87' lang='lat' dir='ltr'>nus</span> <span class='ocrx_word' id='word_1_118' title='bbox 345 1905 562 1944; x_wconf 87' lang='lat' dir='ltr'>mundum</span> <span class='ocrx_word' id='word_1_119' title='bbox 584 1905 823 1957; x_wconf 76' lang='lat' dir='ltr'>regnabat,</span> <span class='ocrx_word' id='word_1_120' title='bbox 854 1904 1004 1944; x_wconf 88' lang='lat' dir='ltr'>locum</span> <span class='ocrx_word' id='word_1_121' title='bbox 1034 1904 1249 1944; x_wconf 76' lang='lat' dir='ltr'>habuisse</span> <span class='ocrx_word' id='word_1_122' title='bbox 1276 1904 1430 1944; x_wconf 84' lang='lat' dir='ltr'>fertur.</span> 
     </span>
    </p>
   </div>
   <div class='ocr_carea' id='block_1_3' title="bbox 319 1991 1489 2046">
    <p class='ocr_par' dir='ltr' id='par_1_4' title="bbox 319 1991 1489 2046">
     <span class='ocr_line' id='line_1_18' title="bbox 319 1991 1489 2046; baseline -0.001 -13"><span class='ocrx_word' id='word_1_123' title='bbox 319 1993 555 2041; x_wconf 84' lang='lat' dir='ltr'>‚Redeunt</span> <span class='ocrx_word' id='word_1_124' title='bbox 594 1992 807 2034; x_wconf 85' lang='lat' dir='ltr'>Saturnia</span> <span class='ocrx_word' id='word_1_125' title='bbox 846 1991 1027 2046; x_wconf 80' lang='lat' dir='ltr'>regna&#39;:</span> <span class='ocrx_word' id='word_1_126' title='bbox 1078 1992 1310 2045; x_wconf 82' lang='lat' dir='ltr'>Vergilius</span> <span class='ocrx_word' id='word_1_127' title='bbox 1354 1993 1489 2045; x_wconf 85' lang='lat' dir='ltr'><strong>(Ecel.</strong></span> 
     </span>
    </p>
   </div>
   <div class='ocr_carea' id='block_1_4' title="bbox 160 2081 1491 2135">
    <p class='ocr_par' dir='ltr' id='par_1_5' title="bbox 160 2081 1491 2135">
     <span class='ocr_line' id='line_1_19' title="bbox 160 2081 1491 2135; baseline -0.002 -13"><span class='ocrx_word' id='word_1_128' title='bbox 160 2107 162 2109; x_wconf 60' lang='lat'>&gt;</span> <span class='ocrx_word' id='word_1_129' title='bbox 229 2082 310 2129; x_wconf 85' lang='lat' dir='ltr'>IV,</span> <span class='ocrx_word' id='word_1_130' title='bbox 334 2083 373 2134; x_wconf 76' lang='grc' dir='ltr'>Ο)</span> <span class='ocrx_word' id='word_1_131' title='bbox 423 2082 655 2122; x_wconf 79' lang='lat' dir='ltr'>exclamat</span> <span class='ocrx_word' id='word_1_132' title='bbox 693 2088 830 2135; x_wconf 86' lang='lat' dir='ltr'>atque</span> <span class='ocrx_word' id='word_1_133' title='bbox 874 2081 991 2121; x_wconf 70' lang='lat' dir='ltr'>illius</span> <span class='ocrx_word' id='word_1_134' title='bbox 1032 2082 1251 2134; x_wconf 87' lang='lat' dir='ltr'>temporis</span> <span class='ocrx_word' id='word_1_135' title='bbox 1293 2094 1491 2121; x_wconf 87' lang='lat' dir='ltr'>summas</span> 
     </span>
    </p>
   </div>
   <div class='ocr_carea' id='block_1_5' title="bbox 232 2169 1493 2399">
    <p class='ocr_par' dir='ltr' id='par_1_6' title="bbox 232 2169 1493 2399">
     <span class='ocr_line' id='line_1_20' title="bbox 232 2169 1492 2222; baseline -0.002 -12"><span class='ocrx_word' id='word_1_136' title='bbox 232 2170 419 2210; x_wconf 84' lang='lat' dir='ltr'>delicias</span> <span class='ocrx_word' id='word_1_137' title='bbox 464 2170 690 2210; x_wconf 81' lang='lat' dir='ltr'>redituras</span> <span class='ocrx_word' id='word_1_138' title='bbox 737 2184 838 2210; x_wconf 82' lang='lat' dir='ltr'>esse</span> <span class='ocrx_word' id='word_1_139' title='bbox 880 2171 943 2210; x_wconf 89' lang='lat' dir='ltr'>ita</span> <span class='ocrx_word' id='word_1_140' title='bbox 981 2170 1271 2222; x_wconf 80' lang='lat' dir='ltr'>praenuntiat</span> <span class='ocrx_word' id='word_1_141' title='bbox 1313 2169 1368 2221; x_wconf 78' lang='lat' dir='ltr'>(V.</span> <span class='ocrx_word' id='word_1_142' title='bbox 1401 2169 1492 2220; x_wconf 78' lang='lat' dir='ltr'>3o):</span> 
     </span>
     <span class='ocr_line' id='line_1_21' title="bbox 233 2258 1406 2311; baseline -0.003 -11"><span class='ocrx_word' id='word_1_143' title='bbox 233 2290 354 2307; x_wconf 87' lang='lat'><strong>.....</strong></span> <span class='ocrx_word' id='word_1_144' title='bbox 365 2259 505 2299; x_wconf 86' lang='lat' dir='ltr'>durae</span> <span class='ocrx_word' id='word_1_145' title='bbox 539 2272 734 2311; x_wconf 86' lang='lat' dir='ltr'>quercus</span> <span class='ocrx_word' id='word_1_146' title='bbox 767 2259 995 2298; x_wconf 86' lang='lat' dir='ltr'>sudabunt</span> <span class='ocrx_word' id='word_1_147' title='bbox 1026 2258 1208 2298; x_wconf 82' lang='lat' dir='ltr'>roscida</span> <span class='ocrx_word' id='word_1_148' title='bbox 1240 2258 1406 2297; x_wconf 87' lang='lat' dir='ltr'>mella’.</span> 
     </span>
     <span class='ocr_line' id='line_1_22' title="bbox 320 2346 1493 2399; baseline -0.003 -12"><span class='ocrx_word' id='word_1_149' title='bbox 320 2348 377 2387; x_wconf 83' lang='lat' dir='ltr'>Et</span> <span class='ocrx_word' id='word_1_150' title='bbox 400 2348 517 2387; x_wconf 87' lang='lat' dir='ltr'>inter</span> <span class='ocrx_word' id='word_1_151' title='bbox 538 2347 827 2387; x_wconf 86' lang='lat' dir='ltr'>incommoda</span> <span class='ocrx_word' id='word_1_152' title='bbox 857 2361 885 2386; x_wconf 91' lang='lat' dir='ltr'>a</span> <span class='ocrx_word' id='word_1_153' title='bbox 905 2347 1015 2386; x_wconf 86' lang='lat' dir='ltr'>Iove</span> <span class='ocrx_word' id='word_1_154' title='bbox 1038 2354 1202 2399; x_wconf 89' lang='lat' dir='ltr'>postea</span> <span class='ocrx_word' id='word_1_155' title='bbox 1223 2346 1391 2385; x_wconf 88' lang='lat' dir='ltr'>mundo</span> <span class='ocrx_word' id='word_1_156' title='bbox 1413 2346 1493 2385; x_wconf 84' lang='lat' dir='ltr'>im-</span> 
     </span>
    </p>
   </div>
   <div class='ocr_carea' id='block_1_6' title="bbox 234 2434 1494 2537">
    <p class='ocr_par' dir='ltr' id='par_1_7' title="bbox 234 2434 1494 2537">
     <span class='ocr_line' id='line_1_23' title="bbox 234 2434 1494 2489; baseline -0.002 -13"><span class='ocrx_word' id='word_1_157' title='bbox 234 2435 384 2489; x_wconf 83' lang='lat' dir='ltr'>posita</span> <span class='ocrx_word' id='word_1_158' title='bbox 412 2436 533 2476; x_wconf 81' lang='lat' dir='ltr'>idem</span> <span class='ocrx_word' id='word_1_159' title='bbox 555 2437 694 2489; x_wconf 75' lang='lat' dir='ltr'>poeta</span> <span class='ocrx_word' id='word_1_160' title='bbox 716 2436 804 2476; x_wconf 88' lang='lat' dir='ltr'>hoc</span> <span class='ocrx_word' id='word_1_161' title='bbox 838 2443 1073 2475; x_wconf 88' lang='lat' dir='ltr'>enumerat</span> <span class='ocrx_word' id='word_1_162' title='bbox 1106 2435 1290 2488; x_wconf 84' lang='lat' dir='ltr'>(Georg.</span> <span class='ocrx_word' id='word_1_163' title='bbox 1314 2435 1346 2482; x_wconf 91' lang='lat' dir='ltr'>I,</span> <span class='ocrx_word' id='word_1_164' title='bbox 1377 2434 1494 2486; x_wconf 80' lang='lat'>131):</span> 
     </span>
     <span class='ocr_line' id='line_1_24' title="bbox 1239 2504 1281 2537; baseline 0 -15"><span class='ocrx_word' id='word_1_165' title='bbox 1239 2504 1281 2537; x_wconf 66' lang='lat'>6²3⁴</span> 
     </span>
    </p>
   </div>
  </div>
 </body>
</html>
