2042 3070
984 451 1301 492 *⁴100*-

508 568 592 608 fuit
624 581 677 608 ac
709 567 1047 609 vaticinationis
1085 569 1386 622 peritissimus
1419 570 1474 622 (V.
1499 569 1674 611 Nitsch.
1697 571 1770 630 151·

509 670 543 697 s.
567 671 608 698 n.
643 663 688 697 et
718 656 845 705 infra,
878 657 954 698 ubi
978 658 1037 698 de
1067 658 1208 698 sacris
1230 658 1462 711 Apollinis
1490 659 1768 712 scribemus).

595 746 691 786 Mel
730 746 849 786 enim
888 747 1012 799 apud
1050 753 1232 787 veteres
1269 753 1459 800 propter
1497 747 1770 789 suavitatem

506 834 724 876 fluentem
761 848 853 875 non
892 836 1038 876 solum
1071 861 1123 866 -—
1158 842 1208 876 ut
1245 836 1383 876 hodie
1417 860 1469 865 —
1511 837 1769 890 symbolum

508 925 798 977 eloquentiae
842 925 1082 977 poetarum
1129 924 1497 978 sapientiumque
1535 924 1638 973 fuit,
1687 926 1769 966 sed

507 1013 644 1054 etiam
690 1019 826 1067 potus
874 1013 1071 1062 divinus,
1119 1014 1195 1067 qui
1242 1013 1491 1054 infantibus
1532 1015 1620 1055 hoc
1659 1027 1768 1055 suco

507 1102 660 1155 apium
693 1102 796 1142 altis
827 1102 1093 1144 facultatem
1124 1103 1247 1143 illam
1279 1103 1526 1144 instillavit.

594 1191 850 1232 Hesiodum
884 1205 1075 1244 puerum
1114 1192 1178 1233 ita
1211 1193 1270 1232 ab
1303 1170 1467 1246 apibus
1499 1192 1635 1233 melle
1667 1205 1774 1246 pas-

505 1286 601 1320 tum
641 1293 765 1328 esse,
814 1280 974 1334 paucis
1015 1282 1340 1334 comprobatur
1378 1281 1422 1321 in
1460 1280 1555 1322 vita
1587 1281 1774 1330 Lucani,

467 1426 470 1427 ⁷
507 1383 625 1422 quae
656 1369 773 1410 infra
805 1368 1063 1410 afferemus.

595 1458 668 1498 De
715 1458 909 1499 Platone
958 1472 1069 1499 vero
1121 1460 1317 1499 eandem
1362 1457 1565 1498 fabulam
1611 1457 1773 1498 Cicero

506 1547 688 1600 longius
730 1547 794 1587 ita
833 1554 1016 1588 enarrat
1050 1548 1122 1601 (de
1147 1548 1283 1588 divin.
1307 1548 1342 1599 I,
1368 1547 1461 1599 36):
1510 1547 1678 1595 ‚Midae
1709 1547 1774 1587 illi
1807 1538 1810 1543 ⁵

506 1636 732 1689 Phrygio,
781 1649 882 1676 cum
930 1649 1044 1689 puer
1084 1642 1225 1684 esset,
1270 1636 1510 1676 dormienti
1553 1635 1772 1676 formicae

506 1725 548 1764 in
583 1737 634 1764 os
673 1724 808 1765 tritici
839 1738 988 1778 grana
1027 1731 1374 1778 congesserunt.
1436 1723 1770 1764 Divitissimum

506 1813 602 1854 fore
635 1814 923 1866 praedictum
963 1820 1054 1853 est:
1103 1814 1225 1866 quod
1265 1812 1430 1853 evenit.
1494 1811 1560 1852 At
1591 1812 1771 1853 Platoni

506 1916 608 1943 cum
640 1903 684 1942 in
714 1902 842 1942 cunis
870 1904 1062 1955 parvulo
1097 1903 1336 1943 dormienti
1368 1916 1482 1955 apes
1509 1879 1559 1942 ‘in
1591 1893 1770 1942 labellis

506 1992 834 2039 consedissent,
856 2005 1128 2044 responsum
1144 2000 1241 2032 est:
1277 1991 1498 2044 singulari
1520 1991 1644 2030 illum
1669 2003 1768 2034 sua-

504 2080 646 2120 vitate
679 2080 895 2121 orationis
927 2080 1046 2139 fore:
1096 2080 1160 2120 ita
1190 2079 1342 2120 futura
1374 2079 1634 2132 elequentia
1664 2091 1768 2132 pro-

503 2169 603 2209 visa
634 2169 678 2208 in
709 2168 881 2210 infante
915 2168 1004 2210 est'
1039 2170 1093 2221 (v.
1116 2169 1222 2209 ibid.
1246 2168 1303 2218 II,
1329 2168 1410 2221 31).

591 2256 944 2310 Comparatione
967 2259 1129 2298 eadem
1153 2257 1356 2298 Platonis
1379 2271 1481 2298 cum
1502 2257 1628 2298 Mida
1646 2257 1768 2298 facta

503 2346 716 2386 Valerius
733 2345 964 2386 Maximus
983 2347 1111 2395 haec,
1135 2359 1254 2400 quae
1277 2345 1440 2386 afferre
1463 2346 1594 2386 nobis
1617 2347 1766 2395 liceat,

503 2435 630 2475 addit
663 2436 752 2488 (lib.
777 2435 798 2475 I
821 2448 921 2488 cap.
946 2439 970 2475 o
1004 2442 1178 2476 extern.
1204 2435 1265 2488 3):
