2042 3070
747 441 1064 481 &⁴149ss

361 561 524 614 Itaque
554 560 770 601 Aristaeo
803 560 894 600 mel
924 559 1195 612 plerumque
1230 558 1532 600 sacrificatum

272 662 374 690 esse
425 649 752 690 existimamus.
828 648 947 688 Illud
994 648 1113 689 enim
1161 661 1340 689 sacrum
1387 648 1534 688 mellis

271 739 434 779 eadem
473 739 665 785 ratione,
710 751 801 791 qua
832 737 1020 778 Baccho
1060 750 1241 777 sacrum
1278 736 1371 776 vini
1408 736 1533 777 attri-

270 828 428 868 butum
462 834 542 876 est,
576 828 635 867 ad
667 826 931 867 Aristaeum
963 825 1202 879 pertinuit:
1236 826 1533 879 quamobrem

272 915 465 957 Ovidius
498 917 662 956 eodem
695 928 844 963 sensu,
876 929 965 968 quo
1000 914 1166 957 Graeci
1200 912 1374 967 ,γλαῦκ’
1404 911 1536 965 Ἀθή-

271 1002 395 1059 ναζε’,
426 1005 490 1046 ait
513 1006 588 1057 (ex
611 1005 758 1045 Ponto
780 1004 858 1052 IV,
886 1018 920 1051 2,
945 1005 1008 1057 9):
1042 1003 1165 1056 ,Quis
1194 1004 1285 1044 mel
1307 1003 1535 1051 Aristaeo,

272 1094 372 1148 quis
404 1093 592 1135 Baccho
624 1094 730 1134 vina
761 1093 956 1134 Falerno
981 1126 989 1135 .
1011 1125 1047 1134 ..
1083 1091 1210 1133 det?'
1246 1117 1298 1121 —

360 1207 522 1260 Itaque
546 1207 836 1247 simulacrum
864 1206 965 1259 apis
994 1205 1039 1245 in
1062 1207 1257 1247 nummis
1282 1205 1536 1247 Carthaeae

273 1304 318 1338 et
349 1297 516 1344 Iulidis,
556 1296 831 1350 oppidorum
864 1295 1076 1343 Ceorum,
1120 1302 1309 1336 exstans
1342 1297 1401 1336 ad
1433 1295 1537 1336 Ari-

273 1392 451 1427 staeum
476 1385 718 1439 pertinere,
745 1392 882 1438 eaput
905 1397 1014 1425 vero
1040 1398 1149 1424 mox
1165 1385 1407 1425 barbatum
1429 1397 1539 1424 mox

273 1475 461 1515 inberbe
494 1474 538 1514 in
571 1474 733 1514 iisdem
764 1473 959 1514 nummis
991 1474 1140 1526 ipsum
1173 1473 1438 1514 Aristaeum
1470 1487 1538 1513 re-

273 1570 582 1617 praesentare,
629 1563 724 1603 iure
763 1562 1016 1616 meritoque
1055 1562 1305 1603 Eckhelius
1348 1562 1540 1603 coniecit

276 1653 332 1706 (V.
356 1653 497 1694 doctr.
520 1666 686 1694 numm.
711 1659 798 1692 vet.
821 1652 865 1692 II
897 1666 939 1705 p.
967 1664 1047 1704 327
1069 1652 1163 1705 sq.).

364 1766 573 1807 Eundem
611 1771 782 1813 autem,
825 1764 1056 1817 Apollinis
1092 1763 1250 1811 filium,
1299 1763 1397 1803 Iovi
1440 1777 1539 1811 avo,

277 1869 412 1909 quem
441 1856 548 1896 olim
577 1869 690 1909 apes
718 1855 852 1896 melle
876 1855 1095 1902 aluerunt,
1125 1853 1215 1893 mel
1244 1851 1540 1899 sacrificasse,

275 1945 466 1985 Nonnus
499 1944 563 1984 ita
594 1944 732 1985 tradit
765 1939 971 1997 (Dionys.
996 1942 1052 1990 V,
1080 1956 1127 1994 27
1137 1942 1200 1994 5):

334 2054 540 2105 ....,Δι“ος
569 2053 749 2108 ἰκμαίοιο
778 2053 953 2094 θυώδεα
984 2051 1122 2107 βωμὸν
1153 2048 1331 2107 ἀνὰῴας,

334 2139 491 2196 Αἵματι
519 2138 700 2195 ταυρείῳ
730 2138 939 2195 γλυκερὴν
970 2139 1205 2194 ἐπεχεύατο
1235 2136 1388 2193 λοιβὴν,

334 2227 515 2269 Ποικὶλα
545 2226 773 2281 φοιταλεης
803 2224 1006 2282 ἐπιβώμια
1037 2225 1152 2279 δῶρα
1182 2223 1394 2278 μελίσσης,

335 2313 515 2368 Πλήσας
546 2310 658 2369 ἁβρὰ
685 2313 880 2354 κύπελλα
911 2309 1166 2366 μελικράτου
1196 2310 1487 2359 κυκε(ῖ)νος”....

367 2410 439 2451 Ac
464 2411 522 2450 de
546 2409 754 2455 Saturno.
788 2409 909 2449 Iovis
931 2414 1076 2461 patre,
1111 2407 1238 2447 cuius
1259 2406 1544 2458 temporibus
