2042 3070
671 441 988 479 aalma&

286 590 406 605 .....
416 555 525 598 mihi
545 591 553 597 .
573 592 581 598 .
602 591 609 598 .
630 590 637 598 .
667 557 772 598 illae
796 571 909 610 apes
930 571 1018 597 non
1043 566 1242 598 montem
1266 559 1456 612 Hymet·

195 655 289 688 tum
320 647 466 702 thymi
498 646 608 687 flore
641 646 934 694 redolentem,
969 648 1052 686 secl
1076 648 1307 687 Musarum
1330 648 1457 687 Heli—

196 735 320 776 conis
376 735 516 776 colles
572 735 693 775 omni
741 747 913 787 genere
963 735 1196 776 doctrinae
1245 736 1458 784 virentes,

196 825 384 865 dearum
417 824 629 865 instinctu
653 824 887 877 depastae,
921 824 1117 864 maximo
1147 825 1332 877 ingenio
1362 826 1456 865 dul-

197 912 378 954 cissima
402 913 618 954 alimenta
641 912 928 965 eloquentiae
951 912 1167 953 instillare
1185 913 1456 953 videntum&

281 1003 441 1043 Musas
481 1002 607 1056 ipsas
640 1008 791 1042 autem
824 1002 931 1049 mel,
970 1014 1118 1041 rorem
1153 1002 1454 1055 eloquentiae,

193 1093 237 1133 in
269 1105 320 1133 os
354 1091 449 1133 eius
481 1091 690 1140 fundere,
740 1104 876 1144 quem
910 1097 1082 1139 amant,
1120 1090 1352 1131 Hesiodus
1385 1090 1455 1131 his

192 1181 403 1222 versibus
436 1181 575 1222 tradit
608 1181 801 1235 (Theog.
825 1194 890 1220 vs.
918 1183 984 1228 81,
1005 1183 1071 1231 83,
1092 1181 1184 1233 84):

248 1267 425 1319 ,Ὅντινα
454 1266 675 1323 τιμήσουσι
703 1266 791 1318 Διὸς
819 1271 968 1322 κοῦραι
998 1265 1211 1322 μεγάλοιο,
1232 1301 1239 1308 .
1257 1301 1264 1308 .
1282 1301 1314 1308 ..

248 1355 318 1409 Τῷ
346 1355 418 1410 μὲν
449 1353 512 1396 ἐπὶ
540 1354 721 1409 γλώσσῃ
752 1353 960 1409 γλυκερὴν
989 1353 1172 1409 χείουσιν
1203 1353 1348 1409 ἐέρσην

249 1442 333 1483 Τοῦ
363 1442 396 1483 δ’
428 1441 508 1483 ἕπε’
539 1439 588 1482 ἐκ
618 1441 830 1495 στόματος
861 1441 921 1495 ῥεῖ
949 1441 1140 1496 μείλιχα·
1158 1475 1165 1482 .
1184 1475 1190 1482 .
1208 1444 1226 1481 .’

193 1531 348 1584 Atque
381 1531 550 1571 ibidem
585 1530 639 1583 (V.
665 1528 756 1582 96):

512 1616 678 1667 ....‚‘O
708 1616 741 1657 δ’
771 1615 916 1672 ὄλβιος,
947 1615 1085 1658 ὅντινα
1115 1617 1283 1658 Μοῦσαι

247 1703 491 1744 Φιλεῠντοιι·
521 1702 709 1758 γλυκερὴ
739 1703 775 1744 οἰ
805 1699 887 1745 ἀπὸ
917 1703 1129 1757 στόματος
1160 1703 1246 1758 ῥέεν
1278 1703 1408 1758 αὐδή]

278 1804 350 1844 Ita
394 1803 552 1844 Musas
598 1803 668 1844 his
715 1804 828 1844 locis
881 1804 1086 1844 similiter
1138 1818 1239 1845 cum
1287 1805 1451 1857 apibus

191 1893 454 1934 coniunctas
478 1906 579 1933 esse
602 1893 808 1946 perlucet
830 1907 884 1933 ac
908 1907 1058 1946 supra,
1081 1893 1158 1934 ubi
1182 1894 1239 1933 de
1262 1893 1450 1934 coloniis

190 1982 472 2023 deducendis
506 1981 713 2023 diximus.
773 1981 970 2022 Veteres
1004 1981 1122 2022 enim
1163 1995 1275 2035 apes
1314 1982 1449 2022 musi-

189 2084 268 2111 cas
292 2084 394 2111 esse
417 2077 604 2124 putasse
628 2071 744 2112 inter
769 2085 926 2112 omnes
949 2077 1149 2112 constat:
1173 2085 1448 2125 quamquam

187 2158 461 2201 Aristoteles
492 2160 647 2201 scribit
679 2160 735 2214 (V.
759 2175 802 2215 p.
822 2164 903 2212 627
928 2159 973 2200 A
1003 2173 1049 2212 15
1075 2161 1145 2201 ed.
1162 2159 1405 2212 Bekker):·

242 2256 418 2296 Δοκοῦσι
448 2254 491 2296 δὲ
520 2255 680 2311 χαίρειν
710 2253 754 2296 αἱ
783 2254 978 2309 μέλιτται
1005 2254 1080 2296 καὶ
1109 2256 1170 2309 τῷ
1196 2255 1352 2313 κρότῳ·
1388 2254 1448 2297 διὸ

1334 2317 1347 2336 3

150 2349 153 2352 ’
186 2340 260 2383 καὶ
288 2341 532 2397 κροτοῦντες
562 2355 689 2396 φασιν
719 2337 931 2398 ἀθροίζειν
963 2338 1098 2393 αὐτὰς
1133 2342 1187 2393 εἰς
1215 2341 1265 2384 τ“ο
1295 2345 1446 2396 σμῆνος

187 2425 407 2484 ὀστράκοις
434 2442 483 2469 τε
509 2426 584 2469 καὶ
614 2426 773 2484 ψήφοις.
804 2426 894 2470 ἔστι
922 2428 1060 2483 μέντοι
1089 2424 1245 2483 ἄδηλον
1275 2427 1383 2479 ὅλως
1413 2428 1446 2469 εἰ
