2042 3070
700 431 1016 471 *1034*

923 544 941 555 u

310 546 449 595 ζὈτοιν
479 551 579 601 γοῦν
611 545 890 601 σκιρτήσωσιν
916 561 943 600 η
974 547 1259 601 πλανηθῶσιν,
1291 545 1485 587 ἐνταῦθα

226 631 262 673 οἱ
298 632 548 688 σμηνουργοὶ
583 636 779 688 κροτοῦσι
815 633 963 687 κρότον
1002 630 1095 673 τινὰ
1136 632 1295 687 ἐμμελῆ
1332 647 1379 673 τε
1413 633 1487 674 καὶ

226 719 438 772 συμμελῆ·
469 719 513 760 αἰ
534 718 577 760 δὲ
604 717 660 770 ὡς
690 718 767 760 ὑπὸ
798 722 978 773 σειρῆνος
1009 717 1215 760 ἕλκονται.
1245 718 1320 760 καὶ
1349 719 1487 772 μέντοι

224 802 550 859 ὑποστρέφουσιν
581 802 621 855 ἐς
649 801 741 860 ἤθη
770 804 845 846 καὶ
874 806 1005 847 οἰκεῖοι
1037 805 1180 857 αὖθις]
1211 832 1265 835 *-
1299 830 1354 836 -—

313 893 474 946 Itaque
506 907 595 933 non
627 893 788 935 mirum
819 895 951 935 nobis
984 895 1175 942 videtur,
1209 895 1245 934 si
1277 894 1485 947 legimus,

225 982 388 1036 apibus
428 983 657 1036 quandam
697 982 980 1024 divinitatem
1025 983 1175 1024 inesse
1217 984 1290 1037 (de
1330 996 1486 1023 earum

226 1070 444 1112 facultate
477 1072 756 1112 vaticinandi
787 1072 902 1113 infra
935 1072 1241 1124 disseremus).
1288 1072 1341 1112 Id
1364 1073 1486 1125 quod

226 1160 504 1201 Aristoteles
541 1161 605 1202 ita
643 1162 707 1202 ait
746 1162 804 1216 (p.
833 1164 908 1213 761
938 1161 984 1202 A
1005 1177 1030 1213 4
1055 1162 1125 1202 ed.
1152 1162 1378 1213 Bekker):
1420 1158 1485 1209 ,οὒ

223 1244 309 1301 γὰρ
340 1245 506 1305 ἔχουσιν
537 1247 651 1289 οὐδὲν
678 1249 802 1298 θεῖον,
834 1247 972 1303 ὥσπερ
998 1248 1047 1290 τὸ
1076 1248 1193 1304 γένος
1223 1248 1272 1291 τὸ
1301 1251 1385 1289 τῶν
1416 1263 1486 1302 με·

221 1334 399 1375 λιπὼν]
431 1359 483 1363 —

310 1421 368 1463 Et
398 1423 632 1476 Vergilius
664 1423 900 1477 republica
935 1423 1091 1475 apium
1124 1423 1311 1463 summis
1342 1422 1484 1463 laudi-

222 1513 308 1552 bus
341 1512 462 1553 elata
493 1512 633 1553 refert
665 1512 850 1566 (Georg.
876 1511 954 1561 IV,
981 1511 1100 1564 219):

282 1613 385 1662 ‚His
418 1614 603 1667 quidam
644 1614 787 1667 signis
825 1620 962 1667 atque
1001 1614 1117 1653 haec
1157 1613 1372 1665 exempla
1414 1626 1484 1652 se-

1114 1701 1205 1742 cuti

279 1792 394 1832 Esse
425 1791 588 1845 apibus
611 1798 789 1845 partem
814 1791 996 1832 divinae
1026 1791 1190 1832 mentis
1221 1796 1266 1831 et
1293 1792 1483 1831 haustus

280 1881 528 1922 Aetherios
561 1881 721 1921 dixere
740 1913 748 1921 .
769 1914 776 1921 .
797 1913 804 1921 .
824 1880 846 1921 .’
882 1905 935 1909 —

308 1971 359 2011 In
395 1970 778 2011 declamationum
809 1983 918 2009 vero
952 1967 1229 2022 Quintiliano
1263 1968 1482 2021 ascripta-

221 2074 318 2100 rum
353 2059 531 2100 decima
561 2059 696 2100 tertia
729 2059 781 2113 (e.
812 2058 875 2112 16)
911 2059 1094 2100 dicitur:
1129 2090 1158 2106 ‚.
1180 2056 1356 2111 ..Quid
1388 2071 1481 2098 cre-

221 2151 305 2190 das
339 2149 471 2198 aliud‚
506 2162 643 2202 quam
674 2148 856 2189 divinae
879 2155 1059 2202 partem
1091 2148 1256 2189 mentis
1286 2148 1357 2188 his
1389 2146 1482 2187 ani-

222 2238 306 2279 mis
340 2238 378 2291 (i.
398 2251 436 2279 e.
472 2237 647 2292 apibus)
680 2236 879 2278 inesse?'
915 2261 967 2266 —-

309 2327 383 2368 Ac
404 2327 645 2368 Petronius
678 2327 764 2380 (56)
798 2327 880 2368 ait:
916 2340 1211 2380 ...‚apes...
1249 2339 1339 2380 ego
1369 2325 1481 2366 divi-

219 2429 303 2457 nas
334 2416 508 2457 bestias
539 2414 669 2470 puto’
687 2449 695 2457 .
716 2448 753 2457 ..
