2042 3070
736 452 1023 493 *87*

249 567 553 610 ἐννεαπλασίαν
584 567 694 623 ἔχειν
715 567 980 623 γλυκύτητα,
1008 568 1057 610 το
1084 568 1178 622 μέλ’.
1204 569 1344 624 λέγων
1366 569 1511 611 ἔνατον

249 653 350 697 εἶναι
379 654 498 709 μέρος
528 658 603 709 τῆς
634 651 864 710 ἀμβροσίας
892 652 1011 696 κατὰ
1042 654 1119 709 τὴν
1149 653 1318 710 ἡδονήν’.
1341 681 1393 685 -

337 744 483 784 Multo
528 749 634 796 post
671 744 864 798 Ibycum
903 757 1013 784 vero
1063 744 1306 797 ‚Legenda
1354 744 1510 785 aurea'

249 834 306 886 (p.
329 845 409 884 250
433 835 504 874 ed.
529 831 743 884 Graesse)
777 833 868 873 mel
891 834 1053 873 eodem
1086 834 1186 874 loco
1211 848 1300 887 quo
1333 836 1509 874 ambro-

249 922 361 963 siam
393 922 598 963 habitum
632 935 733 962 esse
766 922 829 962 ita
861 922 1021 962 docet:

337 1011 589 1059 ‚ambrosia,
624 1024 732 1051 esca
753 1011 1045 1064 angelorum;
1080 1013 1369 1059 ambrosium,
1406 1026 1508 1053 cae-

246 1101 360 1141 leste
389 1100 534 1141 mellis
555 1099 742 1140 favum’.
777 1100 831 1150 (V.
857 1106 914 1141 et.
938 1099 1054 1141 infra
1075 1101 1151 1143 vit.
1178 1101 1390 1145 Ambros.
1414 1103 1508 1142 lau-

247 1189 353 1242 dat.)
376 1213 431 1219 —

334 1278 550 1319 Nonnulli
571 1278 710 1331 igitur
738 1278 1013 1319 ambrosiam
1042 1278 1261 1332 liquidam
1293 1293 1396 1320 esse
1424 1281 1512 1321 rati

247 1382 349 1408 cum
382 1368 517 1409 melle
552 1375 947 1421 comparaverunt.
997 1367 1146 1421 Quam
1170 1369 1229 1408 ad
1250 1382 1347 1409 rem
1372 1370 1509 1410 etiam

246 1457 320 1498 hic
358 1458 485 1498 locus
517 1458 703 1498 Pindari
742 1457 892 1511 (frgm.
924 1471 996 1511 ap.
1020 1447 1193 1498 Athen.
1222 1457 1430 1511 Deipnos
1454 1459 1507 1507 II,

245 1561 288 1600 p.
314 1562 380 1599 41,
405 1547 467 1600 e):

301 1636 562 1692 ,Μελιγαθὲς
592 1633 813 1692 ἀμβρόσιον
843 1635 952 1691 ὕδωρ
984 1662 1038 1666 -
1069 1636 1327 1691 Τιλφώσσας
1358 1633 1439 1679 ἀπὸ

1004 1721 1290 1777 καλλικρήνου
1307 1756 1314 1763 .
1332 1756 1339 1764 .
1354 1726 1374 1764 .’

245 1828 291 1861 et
323 1821 438 1861 haec
471 1821 614 1860 verba
645 1820 889 1873 pertinent,
923 1834 1042 1873 quae
1071 1819 1339 1861 Callimachi
1371 1821 1506 1861 inter-

243 1923 350 1962 pres
400 1910 457 1949 de
500 1908 752 1950 Amalthea
798 1909 981 1963 scripsit
1031 1910 1105 1963 (ad
1143 1911 1296 1964 hymn.
1335 1910 1380 1950 in
1412 1911 1506 1952 Iov.

243 2013 284 2041 V·
313 1999 405 2051 49)³

327 2084 515 2139 ,λέγεται
553 2083 596 2125 δὲ
634 2080 716 2126 ἀπὸ
746 2085 818 2139 μὲν
849 2089 923 2127 τοῦ
955 2083 1039 2138 ἐνὀς
1067 2085 1244 2141 κέρατος
1276 2082 1505 2141 ἀμβροσίαν

243 2171 332 2226 ῥεῖν,
373 2168 454 2212 ἀπὸ
484 2171 528 2212 δὲ
557 2175 632 2212 τοῦ
663 2168 798 2213 ἄλλου
834 2171 1009 2227 νέκταρ]
1040 2201 1093 2204 --
1130 2174 1287 2228 Atque
1327 2177 1504 2216 ambro-

244 2262 356 2303 siam
388 2262 609 2315 liquidum
642 2268 926 2316 unguentum
965 2263 1104 2304 fuisse
1143 2276 1233 2304 non
1266 2264 1411 2304 solum
1445 2278 1505 2304 ex

243 2351 448 2392 Homero
482 2352 537 2405 (v,
560 2350 690 2392 Iliad.
712 2351 842 2400 XIII,
866 2365 1013 2404 170...
1037 2352 1168 2402 XVI,
1192 2355 1288 2404 670,
1312 2352 1502 2405 680...);

245 2441 327 2480 sed
359 2439 495 2481 etiam
536 2453 595 2480 ex
628 2439 839 2494 Vergilio
873 2440 1057 2495 (Georg.
1078 2441 1156 2489 IV,
1176 2441 1274 2494 415)
1315 2447 1503 2488 constat,
