2042 3070
1028 457 1096 475 κν
1150 439 1228 480 176
1276 456 1344 475 *⁴1-

552 559 765 608 Veneris,
806 559 1054 607 Horarum,
1094 560 1360 603 Parcarum,
1403 558 1623 611 Neptuni,
1666 559 1819 607 Panis,

554 649 822 690 Occasionis
856 647 1161 689 sacrificatum
1197 661 1311 687 esse.
1347 670 1402 676 —

640 739 736 779 Iam
759 745 854 778 tum
886 737 1160 791 significatio
1192 737 1448 791 symbolica
1479 736 1629 790 apium
1653 737 1820 776 mellis-

553 841 640 880 que
672 827 852 867 videtur
885 826 1119 867 imminuta
1150 840 1252 866 esse
1286 835 1331 866 et
1361 839 1415 866 eo
1444 825 1626 879 quidem
1657 826 1820 878 magis,

552 929 640 968 quo
687 929 836 956 rerum
884 916 1155 956 naturalium
1205 915 1408 968 cognitio
1447 928 1698 968 progressa
1737 922 1818 955 est.

551 1002 861 1056 Quamobrem
927 1005 1060 1044 huius
1129 1004 1411 1057 symbolicae
1475 1003 1820 1057 contemplatio-

551 1093 619 1133 nis
670 1107 820 1133 rerum
869 1093 1140 1134 naturalium
1191 1106 1342 1146 pauca
1391 1093 1561 1133 indicia
1603 1106 1628 1132 e
1669 1092 1821 1133 medio

553 1196 668 1222 aevo
702 1182 858 1235 colligi
886 1189 1089 1234 possunt,
1124 1195 1241 1235 quae
1272 1167 1509 1234 complura
1530 1195 1614 1234 per
1636 1182 1821 1222 saecula

550 1272 593 1311 in
616 1271 872 1324 proverbiis
903 1285 963 1310 ex
992 1271 1146 1324 apium
1179 1271 1419 1323 mellisque
1452 1278 1614 1311 natura
1644 1270 1819 1310 haustis

552 1367 825 1400 conservata
867 1368 983 1402 sunt.
1057 1360 1226 1400 Nostra
1268 1373 1378 1399 vero
1419 1368 1630 1412 tempora
1670 1372 1819 1412 paene

549 1450 607 1489 ab
631 1450 840 1489 omnibus
864 1449 934 1489 his
958 1449 1294 1502 cognitionibus
1317 1448 1379 1490 ita
1403 1449 1601 1489 alienata
1624 1456 1738 1496 sunt,
1771 1457 1820 1490 ut

549 1538 702 1590 apium
737 1538 1022 1591 diligentiam
1062 1538 1301 1591 mellisque
1336 1538 1609 1579 suavitatem
1643 1546 1817 1579 tantum

550 1627 900 1674 celebraremus,
931 1627 1017 1667 nisi
1046 1628 1213 1680 poetae
1237 1627 1519 1680 antiquitatis
1548 1627 1682 1680 periti
1706 1625 1817 1666 anti-

549 1730 684 1769 quam
705 1715 1086 1770 significationem
1106 1716 1406 1769 symbolicam
1425 1715 1668 1769 aliquoties
1686 1729 1817 1755 reno-

548 1813 708 1846 varent
727 1805 989 1862 (v4Menzel.
1010 1805 1157 1859 Myth.
1173 1805 1360 1846 Forsch.
1386 1819 1428 1858 p.
1450 1817 1528 1855 223
1549 1805 1606 1844 ad
1629 1804 1740 1857 232).
1762 1829 1815 1832 —

636 1896 735 1935 Has
775 1895 832 1935 ob
873 1907 1037 1934 causas
1085 1893 1493 1947 investigatoribus
1532 1893 1815 1946 antiquitatis

547 1983 1015 2037 explanatoribusque
1039 1983 1115 2023 illa
1138 1984 1349 2037 symbola
1372 1984 1430 2023 ad
1455 1983 1815 2035 intellegendum

549 2071 753 2113 difficilia
796 2081 937 2113 erant.
1007 2072 1288 2113 Menetreius
1337 2071 1456 2112 enim
1503 2079 1548 2112 et
1590 2071 1815 2111 Bellorius

546 2162 682 2201 valde
735 2161 910 2201 ieiunas
971 2160 1372 2214 interpretationes
1423 2159 1654 2207 fecerunt,
1712 2172 1814 2200 cum

546 2248 796 2290 Creuzerus
846 2256 891 2289 et
939 2249 1190 2290 Menzelius
1240 2263 1380 2303 saepe
1434 2249 1566 2289 nimis
1614 2250 1814 2289 audaces

547 2338 820 2391 interpretes
854 2352 956 2378 esse
990 2339 1243 2380 videantur.

634 2427 728 2467 Nos
783 2442 892 2467 vero
953 2428 1109 2480 apium
1163 2429 1400 2480 mellisque
1453 2428 1576 2480 apud
1631 2435 1812 2466 veteres
