2042 3070
194 562 377 603 verant;
426 555 463 594 si
501 554 685 608 quidem
725 568 826 595 cum
860 554 1244 595 Drakenborchio
1276 568 1459 595 versum

194 642 275 684 Sili
307 644 452 684 Italici
487 644 627 697 (VIII,
652 643 749 696 637)
784 643 846 684 ita
879 644 1100 697 legimus:

337 743 378 795 ,(.
401 775 408 782 .
430 774 438 782 .
458 774 466 782 .
488 742 553 782 Ut
585 749 771 782 ventum
805 742 865 782 ad
896 741 1077 783 Cannas
1097 774 1104 782 .
1124 775 1133 783 .
1153 774 1161 782 .
1194 755 1279 782 nec
1300 775 1307 783 .
1330 774 1337 782 .
1357 774 1365 782 .
1386 742 1409 793 .)

253 805 350 871 Nec
382 832 553 871 densae
583 831 773 885 trepidis
804 831 957 884 apium
988 832 1168 885 (vulg01
1200 832 1379 883 absunt)
1412 844 1460 870 se

990 920 1224 960 involvere
1255 922 1401 960 nubes

255 989 501 1031 Cessarunt
534 991 697 1044 aquilis
716 1023 724 1031 .
744 1024 751 1032 .
772 1023 781 1032 .
801 993 822 1032 .’
845 1016 898 1019 —

286 1088 478 1128 Duobus
512 1089 641 1129 annis
664 1098 769 1142 post
791 1089 1032 1130 Romanos
1066 1090 1278 1130 examine
1308 1090 1461 1143 apium

196 1178 332 1217 valde
356 1178 629 1239 perterritos
663 1192 779 1227 esse,
812 1179 968 1219 Livius
998 1179 1061 1219 ita
1090 1178 1228 1219 refert
1262 1179 1461 1232 (XXIV,

202 1268 292 1319 1o):
327 1266 457 1320 ‚Quin
480 1268 663 1308 Romae
692 1281 874 1321 quoque
903 1267 945 1307 in
976 1268 1078 1320 ipsa
1105 1269 1218 1308 urbe
1253 1268 1345 1321 (ubi
1373 1281 1462 1307 non

195 1371 298 1398 cum
321 1357 701 1398 VVeissenbornio
735 1357 937 1404 ironiam,
971 1357 1053 1397 sed
1082 1370 1239 1397 veram
1269 1356 1462 1396 admira-

193 1447 363 1487 tionem
387 1446 698 1500 intelligimus)
733 1447 983 1486 secundum
1017 1459 1155 1499 apum
1189 1459 1385 1486 examen
1419 1446 1461 1485 in

193 1535 291 1576 foro
322 1536 468 1576 visum
507 1562 551 1565 ---
591 1537 713 1589 quod
747 1535 953 1576 mirabile
988 1542 1057 1575 est
1085 1535 1192 1588 quia
1224 1549 1373 1575 rarum
1410 1559 1458 1562 —

196 1624 493 1666 adfirmantes
516 1625 701 1678 quidam
723 1625 932 1679 legiones
964 1639 1013 1665 se
1046 1631 1245 1665 armatas
1278 1625 1322 1664 in
1345 1625 1462 1664 Iani-

197 1715 299 1754 culo
322 1715 482 1754 videre
513 1714 858 1755 concitaverunt
891 1714 1123 1755 civitatem
1157 1715 1215 1754 ad
1245 1727 1462 1755 arma....

195 1803 326 1844 Haec
360 1803 575 1857 prodigia
607 1803 766 1843 hostiis
805 1803 1051 1843 maioribus
1083 1812 1328 1856 procurata
1361 1810 1464 1843 sunt

197 1907 257 1932 ex
281 1893 573 1946 haruspicum
595 1906 831 1947 responso,
865 1900 910 1933 et
945 1892 1221 1945 supplicatio
1254 1893 1463 1932 omnibus

197 1983 313 2031 deis,
353 1995 544 2035 quorum
577 1982 834 2035 pulvinaria
867 1982 1048 2022 Romae
1082 1989 1255 2031 essent,
1293 1982 1465 2022 indicta

197 2070 299 2113 est’.
334 2096 388 2099 —
423 2071 580 2124 Atque
613 2071 656 2112 in
696 2073 859 2112 eodem
898 2078 1084 2112 auctore
1118 2072 1235 2111 haec
1267 2071 1464 2124 legimus

197 2161 422 2215 (XXVII,
448 2161 542 2214 23):
590 2161 852 2209 ‚Praetores
885 2160 928 2200 in
961 2160 1224 2213 provincias
1257 2159 1464 2213 profecti,

198 2250 277 2304 (A0
298 2249 487 2291 CCVIII
519 2264 558 2290 a.
579 2249 681 2290 Chr.
701 2264 741 2291 n.
776 2250 1000 2290 Romanis
1032 2249 1214 2302 infelici)
1254 2249 1465 2289 consules

197 2341 360 2393 religio
397 2341 597 2389 tenebat,
633 2341 754 2393 quod
786 2339 1010 2392 prodigiis
1044 2339 1217 2391 aliquot
1249 2337 1466 2377 nuntiatis

196 2444 285 2470 non
317 2429 451 2469 facile
484 2430 676 2469 litabant
688 2428 708 2469 '.
