2042 3070
470 560 680 588 vearum,
735 558 854 598 quae
910 545 1135 597 praebent
1183 543 1348 595 apibus
1397 542 1639 590 vestibula'
1689 551 1734 584 et

467 634 660 676 Palladii
684 635 731 687 (I,
757 634 826 685 39)
860 646 954 682 ,ora
976 630 1292 680 vasculorum',
1326 631 1575 679 declarant,
1608 631 1730 672 illum

467 739 546 766 ora
595 724 738 764 facies
785 722 1090 769 intellexisse,
1137 735 1228 762 non
1277 720 1394 761 ostia
1442 726 1488 760 et
1534 720 1734 761 divinam

466 813 669 866 speciem
702 812 808 852 huic
842 812 983 852 errori
1015 810 1265 852 affinxisse.
1301 835 1352 840 —-

555 900 606 942 Si
638 907 792 941 autem
814 901 1048 941 veteribus
1082 914 1231 941 rerum
1263 908 1455 941 naturae
1483 900 1642 953 peritis
1675 900 1733 948 id,

466 992 588 1045 quod
620 990 885 1030 incredibile
920 990 1043 1030 dictu
1083 990 1221 1030 etiam
1254 989 1393 1030 hodie
1431 989 1582 1029 lucem
1615 989 1732 1029 desi-

466 1081 605 1120 derat.
640 1079 923 1132 contigisset,
955 1086 1005 1119 ut
1034 1078 1185 1132 apium
1217 1079 1384 1119 coitum
1417 1079 1732 1126 observarent,

465 1170 565 1222 apis
618 1176 712 1208 tam
765 1168 904 1208 variis
957 1157 1414 1221 interpretationibus
1467 1167 1732 1222 symbolicis

466 1258 607 1311 digna
641 1264 843 1309 aptaque
876 1263 1036 1310 putata
1068 1271 1158 1297 non
1192 1264 1327 1299 esset.

553 1346 807 1398 Propterea
841 1347 959 1386 enim
982 1346 1216 1399 Vergilius
1246 1353 1419 1386 castam
1442 1345 1730 1398 Venerisque

463 1435 721 1487 imperitam
755 1435 818 1474 ita
849 1436 1008 1475 laudat
1041 1435 1229 1489 (Georg.
1254 1435 1334 1483 IV,
1364 1449 1438 1487 197
1462 1434 1598 1488 sqq.):

464 1550 606 1597 ,Illum
633 1551 750 1588 adeo
775 1548 1005 1601 placuisse
1029 1549 1193 1602 apibus
1216 1549 1440 1588 mirabere
1470 1561 1642 1588 morem

463 1637 596 1690 Quod
614 1651 697 1678 nec
717 1638 962 1678 concubitu
980 1638 1233 1691 indulgent,
1251 1651 1337 1678 nec
1350 1650 1544 1690 corpora
1562 1649 1730 1688 segnes

463 1727 515 1766 In
541 1727 770 1767 Venerem
795 1728 979 1767 solvunt
1001 1733 1080 1767 aut
1101 1726 1251 1767 foetus
1274 1726 1456 1766 nixibus
1481 1723 1652 1769 edunt'.

550 1842 607 1882 Et
628 1841 871 1881 Petronius
896 1846 954 1894 (p.
976 1842 1074 1893 878)
1108 1842 1196 1881 hac
1227 1842 1283 1880 de
1314 1855 1362 1880 re
1387 1841 1472 1880 ait:
1676 1878 1695 1885 ,

522 1980 635 1996 .....
661 1948 757 1988 sine
790 1948 1035 1988 concubitu
1064 1948 1203 1987 textis
1233 1948 1332 2001 apis
1357 1947 1510 1987 excita
1540 1947 1656 1987 ceris

522 2037 694 2077 Fervet
727 2044 772 2077 et
805 2037 969 2077 audaci
1002 2036 1143 2077 milite
1178 2043 1330 2076 castra
1362 2035 1535 2089 replet'.

460 2150 589 2202 Quae
614 2150 842 2191 sententia
864 2163 954 2190 non
979 2152 1123 2190 solum
1147 2151 1218 2190 his
1235 2151 1384 2203 poetis
1407 2150 1595 2203 propria
1618 2156 1728 2197 erat,

460 2240 541 2279 sed
576 2239 713 2280 etiam
746 2240 922 2280 solutae
957 2239 1172 2280 orationis
1206 2239 1481 2280 auctoribus.
1533 2240 1650 2279 Nam
1684 2239 1728 2278 in

460 2328 843 2368 declamationum
900 2330 1043 2382 vulgo
1093 2328 1372 2381 Quintiliano
1425 2328 1726 2381 ascriptarum

460 2417 640 2458 decima
672 2418 808 2458 tertia
842 2420 956 2472 (cap.
988 2421 1051 2470 16)
1086 2420 1202 2458 haec
1234 2418 1454 2472 legimus:
