2042 3070
990 398 1071 444 '‘a-
1118 407 1289 449 82⁸1-

601 526 654 566 In
670 525 996 566 Ecclesiastico
1015 526 1154 579 igitur
1171 527 1288 567 haec
1305 526 1502 580 legimus
1520 525 1775 579 (XXXIX,

514 615 604 668 31):

601 704 793 753 ,Initium
824 705 1116 745 necessariae
1150 705 1215 745 rei
1236 704 1358 746 vitae
1381 705 1614 745 hominum
1644 719 1774 758 aqua,

511 793 632 845 ignis
667 799 712 833 et
743 792 931 842 ferrum,
973 794 1057 842 sal,
1099 794 1171 834 lac
1211 801 1257 835 et
1287 794 1419 848 panis
1452 794 1774 848 similagineus,

512 889 558 922 et
580 882 682 930 mel,
705 889 750 923 et
771 883 929 924 botrus
950 897 1081 932 uvae,
1115 892 1160 925 et
1185 885 1336 924 oleum
1359 891 1404 924 et
1427 883 1774 924 vestimentum'.

599 971 756 1024 Atque
789 972 832 1011 in
854 972 1107 1025 Prophetia
1132 972 1281 1013 Isaiae
1305 972 1423 1026 (VII,
1448 985 1510 1023 15‚
1531 972 1598 1024 22)
1632 973 1776 1026 ,buty-

510 1073 609 1100 rum
642 1066 687 1100 et
714 1059 823 1100 mel'
857 1061 1012 1113 inopia
1042 1061 1306 1102 imminente
1339 1061 1490 1101 cibum
1523 1060 1775 1113 simplicem

511 1149 904 1202 principalemque
950 1149 1048 1190 fore
1088 1150 1378 1203 praedicitur.
1444 1150 1627 1203 Itaque,
1673 1163 1776 1190 cum

510 1237 654 1278 Israel
685 1238 729 1277 in
759 1238 956 1279 desertis
983 1238 1105 1279 fame
1138 1239 1449 1291 conficeretur,
1484 1237 1614 1287 ,Sobi
1633 1271 1640 1278 .
1661 1271 1668 1279 .
1688 1272 1696 1279 .
1731 1246 1777 1280 et

510 1326 689 1367 Machir
730 1333 776 1367 et
807 1327 1030 1368 Berzellai
1070 1329 1329 1369 obtulerunt
1370 1329 1410 1368 ei
1444 1328 1532 1393 mel
1566 1335 1611 1368 et
1642 1329 1775 1382 buty-

510 1417 632 1464 rum’,
678 1423 728 1456 ut
766 1416 882 1456 libro
914 1416 958 1456 II
989 1416 1197 1469 Regum,
1241 1431 1376 1470 quem
1418 1431 1501 1457 nos
1533 1417 1695 1456 librum
1728 1416 1772 1456 II

510 1504 736 1545 Samuelis
776 1505 1065 1558 appellamus
1099 1505 1150 1557 (c.
1169 1505 1325 1553 XVII,
1352 1504 1437 1557 27),
1480 1506 1684 1546 traditur.
1717 1529 1770 1534 —

508 1594 652 1634 Israel
675 1608 868 1647 quoque,
893 1600 1136 1647 postquam
1160 1593 1326 1635 Saulus
1348 1595 1646 1636 Philistaeam
1670 1596 1772 1635 sub-

508 1684 616 1736 egit,
657 1684 746 1723 mel
778 1683 920 1723 fluere
954 1684 1078 1725 vidit.
1142 1685 1261 1725 Nam
1295 1684 1336 1723 in
1370 1685 1486 1724 libro
1518 1684 1540 1724 I
1570 1685 1772 1737 Regum,

509 1786 645 1825 quem
686 1786 769 1812 nos
809 1772 972 1812 librum
1005 1773 1025 1812 I
1056 1771 1282 1813 Samuelis
1315 1773 1616 1821 nominamus,
1656 1773 1772 1812 haec

508 1860 711 1901 feruntur
744 1862 857 1913 (cap.
881 1861 1014 1909 XIV,
1041 1875 1104 1912 25,
1133 1862 1222 1913 26):

598 1949 813 1998 ‚Omne..
834 1983 842 1990 .
882 1958 1032 1990 terrae
1070 1951 1238 2005 vulgus
1271 1951 1396 1990 venit
1428 1950 1470 1989 in
1506 1950 1689 1997 saltum,
1727 1949 1772 1989 in

509 2052 598 2091 quo
632 2044 730 2078 erat
762 2039 852 2078 mel
885 2052 1022 2091 super
1054 2038 1216 2079 faciem
1251 2037 1377 2092 agri?
1758 2017 1765 2020 -

599 2127 854 2180 ‚Ingressus
896 2133 965 2167 est
996 2128 1151 2181 itaque
1184 2128 1381 2180 populus
1420 2128 1581 2167 saltum
1616 2134 1659 2167 et
1692 2140 1770 2179 ap-

508 2216 660 2268 paruit
691 2215 835 2256 fluens
869 2215 983 2256 mcl.'
1006 2242 1059 2246 —

597 2305 691 2344 Mel
709 2318 818 2345 vero
841 2319 942 2345 cum
960 2306 1081 2345 lacte
1105 2305 1242 2345 etiam
1265 2305 1310 2345 in
1327 2311 1447 2345 terra
1469 2303 1610 2351 fluxit,
1634 2317 1770 2356 quam

511 2395 623 2434 deus
642 2395 686 2433 in
700 2394 815 2434 libro
827 2394 977 2434 Exodi
991 2394 1133 2447 (HLS)
1150 2394 1331 2434 Iudaeis
1347 2393 1580 2447 promittit,
1599 2393 1675 2433 ubi
1694 2393 1768 2432 ait:
