2042 3070
476 602 528 632 De
547 611 610 640 ape
630 605 661 631 et
687 610 771 636 rosa,
798 598 921 629 amoris
937 598 1045 629 dulcis
1064 597 1338 637 vulnerantisque
1356 594 1517 636 symbolis

475 666 528 697 De
554 665 666 702 melle,
695 664 818 694 amoris
844 663 997 703 symbolo
1037 687 1516 694 ...........

476 731 528 760 Dc
555 729 655 760 melle
682 729 784 766 aerio,
817 738 893 758 cum
921 727 1063 765 ,nianna'
1092 727 1294 757 Iudaeorum
1323 732 1518 767 comparato

476 795 634 825 1)eterra
657 804 676 824 a
693 793 826 824 Iudaeis
850 797 966 833 optata
992 803 1031 824 ac
1057 793 1098 823 de
1123 797 1232 823 aetate
1259 802 1359 823 aurea
1382 792 1518 823 Saturni

477 860 530 891 De
555 859 656 890 melle
684 869 760 890 cum
786 858 956 889 ambrosia
981 864 1185 897 nectareque
1212 862 1409 898 comparato
1462 883 1468 890 .

476 925 530 956 De
556 925 639 956 Iove
665 924 775 965 prima
801 929 910 955 aetate
935 923 1037 954 melle
1063 924 1189 954 nutrito
1229 948 1518 955 .......

476 991 529 1021 De
564 989 683 1020 Matris
723 990 869 1029 Magnae
907 988 1106 1028 Cererisque
1145 988 1394 1025 sacerdotibus,
1435 998 1521 1028 quae

617 1055 794 1097 μέλισσαις
819 1064 858 1084 ac
878 1054 920 1085 de
938 1053 1069 1084 Dianae
1088 1053 1278 1090 antistibus,
1307 1053 1365 1093 qui
1382 1050 1521 1093 ἐσσῆνες

619 1119 674 1151 vel
699 1117 951 1163 μελισσονόμοι
977 1120 1187 1150 vocabantur
1229 1144 1235 1151 .
1278 1145 1307 1166 ,Ι
1326 1144 1521 1151 .....

475 1187 528 1217 De
555 1186 689 1216 Baccho
716 1190 748 1216 et
769 1185 923 1215 Aristaeo
950 1185 1058 1224 prima
1083 1189 1192 1215 aetate
1218 1183 1319 1214 melle
1345 1184 1479 1215 nutritis
1513 1212 1518 1217 .

476 1251 529 1281 De
558 1250 699 1281 Meliteo
726 1250 835 1290 prima
861 1255 970 1281 aetate
995 1250 1095 1280 melle
1122 1249 1189 1280 alto
1230 1275 1235 1281 .
1324 1275 1518 1282 .....

476 1317 529 1346 De
553 1326 618 1356 ape
644 1316 678 1346 in
697 1315 887 1346 Alexandri
905 1316 1063 1352 nummis,
1089 1314 1229 1346 fortasse
1248 1314 1386 1346 Melitae
1411 1315 1521 1356 signa-

619 1380 670 1418 tis,
697 1384 848 1411 exstante
897 1405 1282 1412 .........

477 1447 529 1477 De
554 1446 661 1476 Beroe'
680 1445 845 1485 Iamoque
867 1445 976 1485 prima
1001 1449 1109 1476 aetate
1131 1444 1231 1476 melle
1258 1445 1402 1483 nutritis,
1430 1446 1523 1486 quod

619 1510 833 1552 eloquentiae
851 1510 997 1550 artisque
1017 1510 1266 1541 vaticinationis
1292 1509 1424 1541 futurae
1443 1521 1522 1551 pro-

618 1576 749 1617 digium
776 1574 840 1606 fuit
893 1601 1518 1608 ..............

477 1643 529 1673 De
551 1641 702 1672 Hesiodo
727 1641 837 1681 prima
863 1646 972 1671 aetate
998 1640 1100 1671 melle
1126 1640 1253 1671 nutrito
1276 1667 1281 1672 .

477 1708 529 1738 De
560 1706 700 1737 Platone
727 1706 838 1746 prima
863 1710 972 1736 aetate
999 1705 1099 1736 melle
1127 1705 1254 1736 nutrito
1276 1732 1519 1739 ......

477 1773 530 1802 De
558 1771 664 1802 Musis
697 1771 887 1811 apibusque
920 1776 1024 1802 artem
1057 1770 1228 1811 poeticam
1262 1771 1295 1801 in
1323 1781 1381 1802 ora
1413 1772 1523 1802 homi-

618 1847 699 1867 num
726 1835 957 1867 fundentibus.
1008 1836 1061 1866 De
1088 1836 1208 1876 apibus
1234 1837 1371 1868 musicis
1417 1863 1423 1869 .
1465 1863 1471 1869 .

477 1903 530 1933 De
556 1902 673 1942 apium
699 1903 829 1933 ratione
856 1902 919 1933 diis
945 1902 1210 1941 hominibusque
1237 1902 1335 1932 simili
1369 1928 1375 1934 .
1417 1929 1422 1934 .
1465 1930 1470 1934 .

478 1968 530 1998 De
556 1967 658 1998 melle
684 1972 855 2007 cantuque
882 1965 977 2009 (μέλι
1002 1985 1046 1989 ——
1072 1965 1189 2010 μέλος)
1233 1994 1236 1998 ,

477 2033 530 2063 1)e
557 2033 679 2073 apibus
704 2032 874 2073 rneHeque
902 2043 976 2063 curn
997 2033 1108 2073 poefis
1133 2033 1407 2074 earnnnibusque
1432 2043 1519 2064 conv

622 2097 746 2137 paratis
804 2123 1518 2131 ................

477 2163 530 2193 De
556 2163 730 2193 nonnullis
756 2163 829 2194 aliis
856 2162 1042 2194 infantibus
1069 2163 1168 2194 melle
1188 2163 1333 2201 nutritis,
1356 2164 1414 2204 qui
1434 2164 1522 2195 hanc

619 2228 664 2258 ob
697 2238 765 2258 rem
799 2233 917 2268 postea
951 2228 1166 2269 philosophi,
1200 2233 1338 2269 poetae,
1371 2233 1522 2260 oratores

620 2292 698 2323 facti
726 2298 803 2323 sunt
848 2318 1282 2325 ..........

478 2358 531 2388 De
557 2357 657 2389 melle
684 2368 760 2388 cum
787 2357 1034 2389 Germanorum
1062 2359 1238 2396 ,Odraeris
1264 2358 1400 2389 dreckr'
1428 2368 1518 2389 com-

621 2428 738 2463 parato
751 2447 1232 2456 ...........

1626 547 1687 579 Pag
1693 568 1698 574 .

1587 604 1725 637 70—72

1588 670 1725 703 72——74

1588 731 1726 768 74-82

1587 796 1722 834 82—85

1588 861 1605 893 8
1613 866 1670 899 5-
1682 861 1724 900 89

1589 921 1726 965 89-96

1589 1128 1725 1162 92-93

1589 1182 1726 1226 96—97

1589 1254 1725 1293 97-98

1625 1386 1667 1424 98

1587 1581 1751 1619 98—100

1629 1651 1694 1673 100

1630 1716 1694 1738 100

1512 1864 1519 1871 .
1570 1847 1678 1869 100—
1690 1847 1749 1880 103

1751 1895 1767 1906 ἱ

1514 1928 1538 1934 μ
1568 1913 1749 1946 103-—105

1469 1994 1474 1998 .
1514 1995 1519 2000 .
1571 1978 1752 2011 105—ffl107

1569 2108 1752 2141 107-114

1511 2320 1517 2325 .
1569 2298 1750 2333 114„„113

1513 2451 1517 2455 .
1567 2427 1749 2463 118—119
