2042 3070
317 539 453 587 ,Misit
487 541 623 580 dente
657 539 749 579 levi
782 538 984 591 paullum
1017 538 1158 578 libata
1190 539 1432 590 placentae

1109 627 1309 678 (Lesbia)

374 717 568 758 Munera
601 719 657 758 de
689 718 829 758 labris
863 716 1013 757 dulcia
1045 717 1181 757 mella
1212 716 1304 757 suis

315 807 482 847 Nescio
501 807 610 860 quid
627 807 730 860 plus
749 808 883 847 melle
907 807 1039 860 sapit,
1063 807 1185 860 quod
1204 807 1397 860 contigit
1420 807 1521 860 ipsa

375 895 566 950 Spirans
600 895 872 950 Cecropium
907 896 1051 936 dulcis
1085 897 1226 936 odore
1258 896 1492 949 thymum.’

343 986 401 1027 Et
440 986 586 1026 Amor
623 986 723 1038 ipse
763 985 947 1038 quidem
994 986 1191 1038 sagittas
1231 985 1365 1025 melle
1405 984 1517 1026 miti-

254 1075 395 1128 gavit.
459 1075 510 1115 Id
551 1077 674 1129 quod
707 1074 983 1116 Claudianus
1024 1075 1087 1115 ita
1125 1074 1263 1115 tradit
1303 1074 1516 1127 (Epithal.

253 1165 366 1205 Pan.
393 1171 438 1204 et
461 1164 605 1205 Celer.
635 1164 752 1216 142):

536 1254 768 1307 ,Puroque
801 1254 986 1295 imbutis
1019 1254 1154 1294 melle
1188 1252 1370 1306 sagittis

370 1343 459 1383 Hic
492 1350 683 1397 nuptum
715 1344 848 1397 petit'
868 1376 876 1384 .
896 1375 904 1383 .
925 1376 933 1384 .
955 1376 962 1384 .
987 1368 1042 1372 —

251 1432 346 1473 Sed
379 1433 499 1473 idem
529 1433 667 1486 poeta
690 1446 917 1473 venenum
951 1446 1131 1486 quoque
1154 1431 1340 1472 Amoris
1374 1431 1514 1484 sagit-

250 1521 307 1561 tis
341 1521 404 1562 ita
442 1520 647 1563 attribuit
688 1522 760 1574 (de
792 1523 962 1575 nuptiis
995 1522 1166 1562 Honor.
1203 1530 1248 1562 et
1279 1521 1392 1562 Mar.
1419 1520 1513 1573 86):

310 1611 564 1659 ‚Labuntur
596 1612 768 1665 gemini
800 1611 961 1653 fontes.
998 1612 1071 1652 hic
1105 1611 1262 1659 dulcis,
1296 1624 1477 1650 amarus

308 1699 444 1740 Alter
476 1708 521 1741 et
553 1700 712 1741 infusis
747 1709 1042 1754 corrumpunt
1073 1702 1209 1741 mella
1241 1700 1452 1749 venenis;

308 1789 444 1829 Unde
479 1789 747 1842 cupidineas
781 1790 974 1830 armavit
1005 1789 1129 1830 fama
1162 1788 1383 1844 sagittas.’
1408 1815 1462 1818 -—

336 1878 493 1932 Atque
516 1886 676 1920 auctor
696 1880 903 1920 vicesimi
926 1880 1110 1933 septimi
1133 1879 1215 1933 (A3
1241 1881 1310 1920 ed.
1336 1879 1510 1932 Bergk)

248 1968 460 2009 carminis
482 1968 926 2009 Anacreonticorum
950 1969 1156 2009 similiter
1178 1969 1333 2010 scribit
1357 1970 1436 2023 (vs.
1450 1971 1508 2022 5)3

512 2055 688 2107 ,Ἀκίδας
718 2056 750 2097 δ’
783 2055 938 2112 ἔβαπτε
967 2055 1119 2112 Κύπρις

513 2141 621 2183 Μέλι
650 2141 699 2184 τὸ
728 2142 868 2197 γλυκὺ
898 2142 1111 2198 λαβοῦσα·

510 2228 556 2269 Ὁ
588 2228 620 2269 δ’
643 2228 778 2283 Ἔρως
807 2229 941 2285 χολὴν
974 2229 1162 2286 ἔμισγεν]
1185 2257 1238 2260 —-

245 2320 376 2373 Quae
424 2321 649 2374 imagines
696 2321 890 2363 fortasse
937 2337 1095 2365 omnes
1142 2325 1229 2365 hac
1278 2339 1338 2364 ex
1379 2325 1509 2365 brevi

245 2410 471 2450 Sententia
494 2411 643 2451 Plauti
678 2411 860 2465 (Cistell.
886 2413 918 2461 Ι,
950 2428 980 2461 1,
1008 2415 1075 2467 70)
1110 2415 1302 2456 haustae
1337 2421 1461 2455 sunt:
