2042 3070
974 401 1263 441 &240ss

486 521 713 568 muliebri,
754 520 884 560 fucos
924 520 1084 573 pigros
1124 526 1283 560 neutro
1324 532 1439 559 sexu
1478 532 1581 559 esse
1614 520 1754 572 vulgo

485 616 687 663 putasse.
743 610 897 662 (,velut
927 607 1227 662 imperfectae
1261 609 1394 661 apes'
1427 607 1518 648 fuci
1551 622 1578 648 a
1607 608 1754 648 Plinio

485 700 537 740 N.
556 699 615 740 H.
634 699 720 748 XI,
744 713 788 738 11
826 697 1143 749 nominantur.)
1191 697 1309 738 Nam
1341 696 1494 738 fucum
1526 696 1754 751 pigritiae,

485 801 621 841 apem
649 801 760 829 vero
791 786 1057 841 diligentiae
1088 787 1346 840 symbolum
1375 811 1432 815 —
1460 793 1510 828 ut
1538 786 1676 827 hodie
1699 811 1753 817 —

484 877 636 926 fuisse,
669 877 733 918 ita
764 877 881 917 inter
914 890 1073 917 omnes
1107 883 1298 925 constat,
1330 883 1390 924 ut,
1425 877 1462 916 si
1494 878 1583 917 hac
1616 877 1673 917 de
1705 890 1755 917 re

487 967 658 1007 similes
680 967 807 1007 locos
831 966 1156 1015 conferremus,
1190 966 1287 1006 viro
1311 966 1375 1006 illi
1398 967 1536 1007 docto
1558 965 1755 1007 fortasse

486 1055 784 1110 comparandi
817 1069 1035 1105 essemus,
1070 1056 1146 1110 qui
1176 1056 1235 1097 ad
1262 1069 1501 1096 romanum
1525 1057 1755 1109 quendam

485 1147 672 1199 poetam
720 1145 896 1186 asinum
947 1160 1110 1187 canum
1159 1146 1386 1187 dicentem
1425 1146 1554 1186 locos
1591 1145 1754 1194 attulit,

485 1235 530 1275 in
565 1235 731 1288 quibus
763 1235 874 1288 ipsis
912 1249 1094 1289 quoque
1133 1236 1285 1276 asinus
1319 1249 1460 1276 canus
1493 1243 1753 1289 appareret.

486 1324 615 1365 Duos
645 1338 755 1364 vero
785 1325 913 1365 locos
935 1324 1142 1373 Hesiodi,
1175 1325 1219 1365 in
1253 1325 1417 1378 quibus
1450 1324 1655 1383 fucorum
1687 1325 1754 1378 pi-

486 1414 624 1467 gritia
646 1413 952 1467 praedicatur,
985 1414 1174 1455 laudare
1204 1415 1425 1463 volumus,
1458 1422 1507 1455 ut
1536 1428 1603 1463 ea,
1637 1428 1755 1468 quae

484 1503 562 1544 W.
595 1502 848 1544 Menzelius
888 1503 959 1544 his
998 1504 1055 1543 de
1088 1504 1298 1544 versibus
1336 1504 1415 1553 ait,
1456 1503 1752 1557 corrigamus.

484 1592 617 1633 Haec
651 1592 770 1632 enim
804 1592 849 1633 in
881 1593 1154 1646 Theogonia
1187 1594 1287 1646 (594
1306 1593 1420 1647 sqq.)
1453 1593 1674 1648 legimus:

541 1701 621 1751 ‚Lug
652 1700 684 1741 δ’
716 1700 827 1742 ὁπότ’
860 1699 901 1742 ἐν
932 1699 1134 1755 σμήνεσσι
1162 1700 1473 1756 κατηρεφέεσσι
1504 1699 1703 1755 μέλισσαι

541 1788 745 1842 Κηφήνας
775 1786 984 1843 βόσκουσι,
1013 1791 1160 1829 κακῶν
1192 1787 1389 1845 ξυνήονας
1419 1786 1563 1844 ἔργων,

540 1875 594 1915 Αἰ
623 1873 696 1929 μέν
725 1887 774 1915 τε
802 1873 962 1929 πρόπαν
991 1875 1104 1930 ἦμαρ
1135 1873 1175 1926 ές
1204 1872 1342 1928 ήέλιον
1371 1875 1623 1919 καταδύντα
1681 1871 1698 1879 ’

542 1959 745 2016 Ἠμάτιαι
776 1960 1006 2012 σπεύδουσι,
1036 1961 1192 2002 τιθεῖσί
1221 1976 1269 2002 τε
1298 1961 1426 2017 κηρία
1454 1960 1602 2013 λευκά,

543 2046 593 2090 Οἱ
619 2048 651 2089 δ’
681 2046 860 2090 ἔντοσθε
887 2047 1074 2102 μένοντες
1102 2046 1332 2103 ἐπηρεφέας
1360 2045 1480 2089 κατὰ
1508 2048 1705 2104 σίμβλους

541 2135 772 2190 Ἀλλότριον
791 2133 988 2189 κάματον
1010 2135 1215 2190 σφετέρην
1237 2135 1278 2187 ἐς
1298 2135 1474 2191 γαστέρ’
1496 2132 1705 2190 ἀμῶνται·

540 2222 609 2273 Ὡς
640 2221 684 2263 δὲ
715 2221 855 2273 αὕτως,
885 2219 1080 2278 ἄνδρεσσι
1108 2222 1243 2264 κακὸν
1274 2223 1466 2277 θνητοῖσι
1495 2226 1712 2278 γυναῖκας’

544 2308 643 2359 Ζεὺς
672 2307 945 2365 ὑψιβρεμέτης
975 2310 1099 2363 θῆκε,
1130 2309 1328 2366 ξυνήονας
1359 2308 1492 2365 ἔργων

540 2394 794 2451 Ἁργαλέο)ν·
825 2393 963 2452 ἕτερον
994 2396 1037 2437 δὲ
1067 2396 1185 2452 πόρεν
1215 2397 1349 2439 κακδν
1381 2393 1469 2437 ἀντ’
1502 2391 1714 2451 ἀγαθοῖοί

2027 1018 2042 1121 ’.μ-ζ’,-
2028 968 2030 970 “
