2042 3070
1024 425 1313 466 &⁴20ss

534 557 639 583 nam
689 544 925 596 complura
966 543 1179 583 animalia
1224 557 1285 584 ex
1330 544 1801 599 lutolpu'tredineque

534 645 742 672 crescere
774 639 958 672 veteres
992 613 1328 673 existimabant.
1734 612 1737 613 ⁷

620 721 690 761 Ita
729 722 825 761 sive
865 735 924 762 ex
966 722 1138 762 semine
1180 722 1332 762 divino
1374 722 1471 762 sive
1511 747 1553 750 —
1593 723 1639 763 id
1679 725 1800 776 quod

532 810 753 862 Judaicae
784 812 841 851 de
869 812 1101 851 hominum
1133 811 1311 865 origine
1334 810 1519 851 fabulae
1553 811 1697 851 simile
1731 818 1802 852 est

532 925 587 930 —-
627 914 651 940 e
690 908 812 940 terra
856 901 1087 941 hominem
1130 901 1301 942 factum
1349 914 1451 942 esse
1493 899 1685 941 Ovidius
1730 900 1800 940 his

531 990 739 1030 versibus
773 990 893 1030 canit
926 991 1049 1044 (Met.
1073 990 1106 1037 I,
1128 990 1232 1043 79.):

592 1127 757 1177 ‚Natus
780 1127 917 1166 homo
941 1132 1022 1174 est,
1053 1127 1150 1167 sive
1174 1128 1293 1166 hunc
1319 1126 1472 1166 divino
1497 1125 1669 1166 semine
1690 1124 1801 1166 fecit

588 1215 671 1255 Ille
704 1214 862 1268 opifex
893 1229 1057 1263 rerum,
1090 1216 1245 1256 mundi
1278 1215 1478 1256 melioris
1511 1215 1663 1267 origo:

591 1303 699 1345 Sive
727 1318 890 1345 recens
912 1306 1060 1353 tellus,
1090 1307 1372 1358 seductaque
1395 1318 1542 1357 nuper
1565 1305 1622 1344 ab
1647 1304 1738 1344 alto

588 1393 808 1443 Aethere,
844 1395 1032 1447 cognati
1064 1395 1294 1435 retinebat
1328 1388 1503 1434 semina
1537 1392 1680 1434 caeli.'

528 1525 601 1565 Ex
633 1526 867 1566 hominum
900 1540 1009 1566 vero
1044 1526 1347 1566 cadaveribus
1381 1526 1605 1565 dracones
1643 1530 1688 1565 et
1720 1539 1796 1565 an·
1832 1525 1833 1528 ’

530 1629 666 1667 gues,
706 1629 765 1655 ex
799 1615 927 1668 equis
960 1615 1228 1668 putrefactis
1262 1629 1437 1668 vespae
1472 1622 1517 1655 et
1550 1616 1797 1655 crabrones

529 1711 573 1744 et
605 1704 843 1744 scarabaei
876 1705 1003 1745 nasci
1035 1705 1314 1745 dicebantur.
1369 1704 1541 1744 Plinius
1575 1704 1692 1744 enim
1726 1703 1796 1744 his

529 1796 585 1834 de
619 1796 754 1835 rebus
795 1795 910 1835 haec
951 1795 1085 1835 docet
1120 1795 1186 1847 (N.
1207 1794 1264 1834 H.
1288 1793 1487 1844 X1,23):
1537 1791 1687 1845 ‚(Sunt
1720 1792 1796 1844 qui

527 1884 703 1935 putent)
880 1885 924 1924 in
970 1891 1114 1924 totum
1161 1883 1352 1923 amissas
1403 1881 1546 1935 (apes)
1590 1880 1796 1934 reparari

528 1973 764 2012 ventribus
803 1972 984 2013 bubulis
1023 1973 1285 2012 recentibus
1325 1985 1426 2012 cum
1458 1970 1564 2010 fimo
1597 1969 1792 2023 obrutis:

526 2061 761 2114 Vergilius
795 2062 848 2114 (v.
873 2060 1042 2114 Georg.
1063 2061 1143 2108 IV,
1170 2072 1421 2113 295-3142
1449 2058 1695 2110 550—558)
1729 2058 1793 2098 iu-

526 2163 774 2190 vencorum
823 2163 1015 2202 corpore
1064 2149 1349 2198 exanimato,
1404 2149 1519 2189 sicut
1574 2160 1792 2200 equorum

525 2253 694 2291 vespas
734 2246 871 2292 atque
913 2240 1175 2286 crabrones,
1218 2239 1334 2278 sicut
1375 2238 1603 2278 asinorum
1642 2250 1790 2277 scara-

525 2329 680 2375 baeos,
714 2334 918 2368 mutante
942 2335 1103 2368 natura
1134 2341 1194 2367 ex
1216 2327 1315 2367 aliis
1346 2328 1573 2380 quaedam
1604 2327 1648 2366 in
1678 2323 1792 2365 alia.'

525 2440 578 2444 —
611 2417 689 2456 Ac>
717 2418 989 2457 Plutarchus
1023 2430 1169 2469 prope
1204 2430 1372 2469 corpus
1401 2414 1659 2456 Cleomenis
1693 2427 1790 2453 cru—
