2042 3070
241 538 371 579 ferat.
421 538 571 578 Locus
593 536 856 590 perlucidus
884 550 1033 590 neque
1062 538 1152 578 ulla
1183 538 1501 579 emendatione

241 640 385 680 egens
416 626 547 667 nobis
579 626 759 666 videtur
791 638 905 666 esse.
942 650 991 654 —-

327 715 514 756 Maioris
573 714 832 756 detrimenti
890 714 1151 768 prodigium
1220 728 1330 756 sane
1392 717 1501 757 illud

239 817 435 846 examen
457 804 610 857 apium
634 810 742 852 erat,
777 806 898 858 quod
923 804 1001 857 (AO
1021 805 1092 845 IX
1114 818 1159 858 p.
1178 804 1280 845 Chr.
1299 806 1355 859 n.)
1380 807 1501 847 circa

239 907 343 934 aras
375 893 691 934 Romanorum
723 892 854 934 favos
886 892 1027 934 finxit.
1089 892 1192 946 Qua
1226 908 1275 935 re
1313 895 1375 936 dii
1407 909 1499 936 mo-

241 996 399 1030 nuere,
431 988 481 1022 ut
511 982 711 1022 Romani
745 996 772 1023 a
804 981 1048 1024 Cheruscis
1081 990 1309 1024 caverent.
1336 1008 1387 1012 —
1410 984 1500 1025 Dio

239 1072 424 1113 Cassius
444 1071 562 1112 enim
580 1071 718 1112 refert
736 1071 872 1125 (LVI,
890 1072 980 1124 24):
1003 1069 1071 1120 ,Τὸ
1092 1084 1140 1111 τε
1159 1067 1244 1125 γὰρ
1264 1067 1404 1122 πάθος
1425 1070 1501 1112 οὐκ

240 1156 338 1201 ἄνευ
359 1159 567 1213 δαιμονίου
587 1158 693 1210 τινὸς
714 1158 840 1213 ὀργῆς
859 1158 934 1200 καὶ
962 1159 1075 1214 μέγα
1097 1158 1207 1201 οὕτω
1237 1159 1312 1201 καὶ
1342 1156 1500 1215 ἀθρόον

239 1244 371 1288 ἐδόκει
402 1246 449 1301 οἱ,
469 1247 715 1300 (Augusto)
746 1246 983 1301 γεγονέναι·
1027 1246 1102 1288 καὶ
1131 1246 1288 1301 προςέτι
1322 1246 1396 1288 καὶ
1425 1246 1501 1289 ὑπὸ

238 1336 324 1375 τῶν
343 1331 533 1389 τεράτων
554 1337 638 1375 τῶν
667 1333 742 1388 πρὸ
769 1348 817 1375 τε
847 1337 922 1388 τῆς
951 1331 1083 1388 ἥττης
1113 1333 1188 1375 καὶ
1217 1331 1328 1388 μετὰ
1357 1339 1501 1376 ταῦτα

239 1418 477 1476 συνβάντο)ν
499 1420 628 1477 δεινὴν
649 1420 825 1478 ὑποψίαν
855 1419 894 1472 ἐς
920 1420 970 1463 τὸ
996 1422 1111 1463 θεῖον
1133 1420 1340 1476 ἔσχενῖ...
1391 1423 1499 1477 Qui-

238 1516 324 1555 bus
354 1514 400 1554 in
421 1513 644 1567 portentis
665 1514 752 1554 hoc
779 1513 1058 1554 invenimus:
1090 1510 1307 1564 ,μέλω-σαί
1336 1525 1383 1552 τε
1412 1510 1501 1566 περὶ

237 1600 334 1652 τοὺς
354 1600 517 1657 βωμοὺς
539 1600 680 1642 αὐτῶν
697 1603 1040 1656 (Romanorum)
1062 1601 1190 1655 κηρία
1211 1597 1498 1644 ἀνέπλασσον.’

238 1717 294 1722 —-
323 1692 474 1733 Varus
507 1700 661 1734 autem
693 1695 751 1734 ab
783 1693 990 1734 Arminio
1022 1693 1293 1747 profligatus
1325 1701 1408 1735 est.
1442 1718 1498 1724 —

326 1789 456 1832 Sicut
501 1792 651 1832 locum
685 1791 917 1833 Ciceronis
963 1792 1269 1839 laudavimus,
1317 1792 1362 1832 in
1409 1805 1498 1846 quo

240 1894 437 1921 examen
466 1881 619 1934 apium
645 1895 735 1922 non
768 1882 913 1922 solum
946 1881 1172 1930 militibus,
1206 1882 1289 1922 sed
1317 1881 1498 1922 omnino

237 1983 311 2011 res
352 1970 571 2011 adversas
604 1972 893 2024 portendisse
930 1971 1148 2025 legimus;
1197 1971 1260 2012 ita
1290 1984 1410 2012 nunc
1443 1994 1497 2000 ——

238 2073 296 2100 ne
330 2060 535 2100 ordinem
566 2068 823 2114 temporum
861 2061 1169 2114 relinquamus
1202 2085 1253 2089 —
1289 2060 1403 2101 duos
1434 2060 1497 2100 lo-

238 2162 335 2198 cos,
374 2150 451 2190 ubi
483 2149 530 2190 id
561 2156 790 2191 ostentum
822 2150 980 2191 clades
1010 2163 1101 2191 non
1133 2150 1346 2204 sequitur,
1387 2148 1496 2191 affe-

235 2252 400 2279 remus.
434 2262 489 2268 —·

324 2327 476 2369 Uvam
510 2327 662 2381 apium
696 2328 848 2382 (quam
880 2330 1270 2383 comparationem
1298 2343 1339 2370 V.
1369 2335 1425 2370 et.
1452 2328 1497 2369 in

235 2416 372 2457 Hom.
395 2417 446 2458 Il.
471 2417 528 2466 II,
554 2431 628 2470 29;
663 2418 775 2459 Plin.
800 2419 852 2460 N.
872 2419 930 2460 H.
953 2419 1038 2467 XI,
1070 2422 1138 2468 18;
1171 2418 1288 2460 Aen.
1313 2401 1497 2459 Gazaeo
