2042 3070
699 427 988 465 &⁴41ss

209 545 277 585 Ea
317 559 436 598 quae
469 544 720 585 Menzelius
760 546 848 584 hoc
886 544 1021 584 modo
1063 544 1386 597 interpretatur
1419 544 1474 597 (V.

209 633 358 688 Myth.
383 634 570 674 Forsch.
593 648 637 687 p.
661 635 779 685 178):
814 633 1009 681 ‚Hesiod
1037 634 1371 673 verwechselte
1402 634 1474 673 die

207 723 429 763 Drohnen
462 723 543 763 mit
572 724 661 762 den
683 703 1039 763 Arbeiterinnen
1073 723 1164 763 und
1196 731 1339 763 nennt
1368 724 1474 776 jene

209 812 405 865 miissige
437 812 650 860 VVeiber,
690 812 816 853 diese
856 794 1050 866 fleissig·e
1090 813 1315 853 M'einner’.
1379 810 1475 852 Sed

208 903 348 955 poeta
387 901 497 941 nihil
537 901 659 942 aliud
696 902 782 942 nisi
819 901 967 950 fucos,
1007 901 1083 955 qui
1122 902 1319 942 alienum
1350 903 1474 942 labo-

207 1005 303 1032 rem
338 1005 466 1031 suum
500 991 545 1031 in
576 1000 784 1031 ventrem
816 998 1003 1038 metant,
1044 991 1309 1032 mulieribus
1343 1005 1474 1044 apes-

209 1094 297 1134 que
331 1081 579 1134 diligentes
612 1080 720 1121 viris
754 1080 922 1121 similes
955 1094 1058 1121 esse
1093 1082 1292 1130 denotat,
1324 1095 1475 1135 neque

209 1170 391 1211 omnino
425 1170 554 1211 fucos
596 1184 712 1211 sexu
744 1170 952 1211 muliebri
985 1184 1089 1211 esse
1123 1170 1196 1211 ait.
1260 1170 1474 1212 Ceterum

209 1260 443 1308 Hesiodus
483 1260 571 1300 alio
610 1261 712 1300 1000
749 1259 902 1300 fucum
941 1260 1089 1300 otioso
1123 1260 1220 1300 viro
1258 1260 1321 1300 ita
1355 1274 1474 1301 eom-

208 1357 340 1403 parat
374 1350 512 1403 (oper.
538 1355 583 1389 et
605 1349 716 1398 dies,
741 1350 866 1401 301):

263 1445 345 1499 ,Τῷ
374 1444 418 1486 δὲ
446 1444 541 1486 θεοὶ
569 1448 773 1499 νεμεσῶσι
802 1445 877 1486 καὶ
909 1442 1058 1500 ἀνέρες,
1090 1445 1133 1497 ὃς
1162 1460 1234 1487 κεν
1266 1443 1418 1502 ἀεργὲς

266 1532 371 1587 Ζὼῃ,
402 1530 636 1586 κηφήνεσσι
664 1532 883 1587 κοθούροις
916 1530 1071 1584 εἴκελος
1101 1532 1239 1588 ὁρμήν,

264 1616 317 1661 Οἵ
343 1633 391 1660 τε
420 1616 664 1672 μελισσάων
693 1615 888 1673 κάματον
919 1618 1143 1674 τρύχουσιν
1174 1616 1319 1675 ἀεργοὶ

254 1706 509 1755 ''Bellon-53⁷
528 1739 536 1747 .
553 1739 561 1747 .
578 1739 586 1747 .
603 1739 611 1747 .

207 1795 309 1848 Quo
334 1808 394 1835 ex
415 1795 516 1835 1000
539 1795 812 1835 Menzelium
843 1808 925 1835 sua
946 1795 1121 1836 ratione
1146 1809 1315 1848 cogere
1339 1808 1472 1849 opor-

206 1885 301 1933 tuit,
334 1883 463 1924 fuoos
492 1885 616 1937 apud
639 1884 894 1925 Hesiodum
928 1898 1045 1925 sexu
1067 1885 1185 1926 virili
1217 1898 1331 1925 esse.
1379 1885 1474 1925 Nos

207 1980 359 2014 autem
399 1986 489 2013 non
529 1973 807 2022 dubitamus,
857 1974 964 2027 quin
1005 1974 1238 2014 Hesiodus
1282 1981 1475 2027 utroque

206 2063 308 2103 loco
353 2076 515 2103 sexum
564 2062 769 2103 fucorum
819 2064 958 2103 nihilo
1007 2063 1157 2117 magis
1204 2064 1475 2117 respexerit,

207 2166 343 2206 quam
353 2152 622 2206 Xenophon
637 2153 750 2193 locis
770 2166 908 2205 supra
923 2153 1121 2193 laudatis
1138 2166 1300 2194 sexum
1321 2153 1474 2206 apium

208 2242 358 2289 ducis,
396 2242 473 2282 ubi
517 2242 712 2282 eundern
746 2255 947 2282 errorem
978 2242 1305 2296 Magerstedtii
1337 2255 1474 2282 anno-

206 2331 417 2372 tavimus.
456 2356 507 2360 —

296 2420 430 2461 Hane
463 2421 697 2474 ignaviam
735 2429 872 2475 atque
911 2421 1117 2462 inertiam
1152 2420 1356 2461 fucorum
1395 2421 1473 2461 ab·
