2042 3070
998 424 1317 464 *146ss

611 540 774 581 Inferis
807 554 919 582 vero
952 542 1038 582 diis
1071 542 1278 583 omnibus
1313 550 1358 583 et
1390 542 1552 595 animis
1590 550 1788 583 mortuo-

525 643 625 670 rum
647 631 839 670 heroum
860 630 1014 672 vinum
1045 644 1135 671 non
1157 645 1277 685 aqua
1310 633 1394 672 sed
1425 632 1561 672 melle
1593 612 1789 673 mixtum

525 720 583 759 ab
605 719 770 760 Iasone
792 719 983 760 libatum
1016 733 1118 761 esse
1141 719 1414 773 Apollonius
1437 720 1651 761 Rhodius
1685 719 1787 774 (Ar-

522 821 629 861 gon.
652 807 708 857 II,
730 808 855 862 1271)
888 808 950 850 ita
982 807 1144 849 refert:

579 893 733 946 ,Αὐτὸς
763 894 796 935 δ’
827 894 1042 950 Αἰσονίδης
1069 894 1240 950 χρυσέῳ
1270 893 1505 948 ποταμόνδε
1533 893 1733 949 κυπέλλῳ

582 979 702 1034 Οἴνου
733 977 983 1036 ἀκηρασίοιο
1013 981 1303 1036 μελισταγέας
1331 980 1409 1036 χέε
1437 978 1582 1037 λοιβὰς

579 1067 687 1123 Γαίη
716 1070 754 1109 τ’
785 1065 999 1119 ἐνναέταις
1028 1081 1076 1108 τε
1105 1067 1219 1118 θεοῖς
1250 1066 1407 1123 ψυχαῖς
1435 1081 1484 1108 τε
1512 1067 1734 1122 καμόντων

580 1154 768 1210 Ἡρώων·
798 1158 1000 1209 γουνοῦτο
1031 1153 1064 1194 δ’
1087 1150 1303 1208 ἀπήμονας
1334 1151 1436 1195 εἶναι
1465 1150 1659 1208 ἀρωγοὺς

581 1241 795 1296 Εὐμενέως
822 1240 898 1282 καὶ
925 1239 1019 1295 νηὸς
1049 1238 1242 1294 ἐναίσιμα
1272 1238 1498 1294 παίσματα
1528 1239 1710 1295 δέχθ·αι’
1736 1266 1789 1269 -

523 1333 581 1386 (v.
614 1330 732 1379 infr.‚
769 1330 848 1370 ubi
886 1330 943 1370 de
981 1329 1210 1383 Nymphis
1253 1328 1523 1377 scribemus,
1570 1328 1790 1370 Meliboei

523 1407 804 1462 exsequias).

611 1496 746 1537 Alias
780 1497 839 1536 ob
873 1508 1038 1536 causas
1069 1495 1161 1535 mel
1192 1495 1370 1547 superis
1403 1494 1488 1535 diis
1521 1495 1803 1548 deabusque

523 1593 569 1627 et
592 1586 808 1626 heroibus
842 1590 889 1626 et
918 1585 1136 1639 nymphis
1168 1584 1522 1632 sacrificabatur,
1556 1583 1789 1637 plerisque

521 1689 633 1716 vero
666 1680 856 1728 propter
893 1673 1041 1714 mellis
1080 1673 1259 1714 colendi
1290 1673 1613 1721 inventionem,
1651 1686 1788 1726 quam

522 1771 704 1805 veteres
761 1763 1072 1816 compluribus
1120 1763 1443 1816 ascripserunt.
1521 1762 1790 1804 Aristaeum

524 1860 690 1902 autem,
722 1866 857 1906 quem
880 1852 970 1892 iam
992 1865 1131 1906 supra
1154 1866 1179 1892 e
1201 1853 1350 1893 bubus
1373 1851 1645 1905 putrefactis
1676 1863 1790 1905 apes

520 1943 716 1996 gignere
781 1941 978 1994 primum
1041 1942 1253 1982 docuisse
1316 1925 1789 1987 commemoravimus,

520 2030 673 2071 mellis
703 2044 884 2085 quoque
915 2031 1094 2071 colendi
1121 2031 1406 2071 inventorem
1439 2042 1542 2070 esse
1579 2014 1787 2082 plerique

521 2119 825 2161 crediderunt.
889 2117 965 2160 Sic
1003 2119 1049 2159 in
1081 2119 1331 2172 Apollonio
1362 2118 1551 2159 Rhodio
1593 2115 1786 2170 (Argon.

521 2196 601 2244 IV,
633 2196 756 2249 1132)
789 2196 1008 2250 legimus:

576 2283 727 2338 ,Κούρῃ
759 2285 956 2338 (Macris)
987 2283 1227 2339 Ἀρισταίοιο
1247 2283 1523 2338 -μελίιρρονος,
1560 2281 1604 2333 ὅς
1633 2281 1687 2335 ῥα
1719 2293 1789 2334 με-

1472 2358 1653 2401 λισσέιυν

568 2434 713 2490 Ἔργα
742 2434 1024 2491 πολυκμήτοιό
1054 2449 1102 2476 τε
1133 2432 1340 2490 ἀνεύρατο
1370 2439 1467 2490 πῖαρ
1498 2432 1662 2488 ἑλαίης’
