2042 3070
700 444 986 484 *43ss

211 572 334 605 tasse
370 564 620 604 Creuzerus
663 564 718 616 (v.
748 562 907 617 Symb.
940 563 1010 602 ed.
1041 562 1109 602 ΙΙΙ
1137 562 1212 601 lib.
1236 561 1302 601 IV
1326 575 1427 614 cap.
1450 574 1468 611 7

212 658 230 703 ,ξ
251 657 273 693 6
297 653 512 706 praescr.)
538 667 639 693 eam
663 651 869 706 ‚Symbol
893 653 974 691 des
998 652 1206 691 edelsten
1227 650 1471 703 Kampfes'

209 750 358 783 vocat.
422 742 517 782 Sed
550 742 719 782 ibidem
758 741 852 782 sine
892 742 984 782 ullo
1017 743 1290 782 documento
1325 742 1471 787 docet,

210 844 347 884 apem
402 831 525 884 apud
576 837 758 871 veteres
814 844 948 871 omen
1002 830 1200 870 faustum
1255 828 1471 870 militibus

209 920 360 960 fuisse.
427 919 575 972 Quem
613 932 812 960 errorem
849 919 1000 959 multis
1039 919 1152 960 locis
1184 918 1392 959 refellere
1427 925 1473 958 et

210 1011 490 1062 redarguere
517 1009 738 1049 volumus.
791 1009 846 1061 (V.
870 1007 1125 1048 Alexandr.
1150 1009 1208 1048 ab
1231 1008 1367 1049 Alex.
1391 1020 1470 1061 ge-

209 1099 312 1138 nial.
337 1098 445 1138 dier.
468 1098 543 1138 lib.
563 1098 606 1137 V
630 1111 666 1138 c.
692 1098 769 1149 13).
804 1122 858 1127 —-

297 1196 393 1236 Iam
434 1210 488 1235 ex
528 1202 688 1249 quarto
730 1210 767 1236 a.
787 1195 889 1237 Chr.
908 1209 948 1235 n.
987 1196 1172 1236 saeculo
1212 1201 1471 1248 portentum

210 1284 377 1337 apium,
411 1298 600 1338 quarum
626 1298 822 1324 examen
852 1285 897 1324 in
920 1284 1080 1325 Dionis
1108 1283 1319 1337 navigiis,
1354 1297 1472 1336 quae

208 1373 403 1426 Dionysi
434 1380 543 1413 natu
576 1373 761 1413 minoris
792 1373 1011 1426 puniendi
1044 1387 1184 1413 eausa
1215 1374 1472 1427 Syracusas

207 1462 314 1502 vela
347 1462 581 1512 direxere,
622 1462 789 1502 milites
820 1462 863 1502 in
896 1463 1048 1515 puppi*
1075 1462 1313 1503 considere
1346 1462 1471 1501 vide-

209 1558 322 1599 runt,
353 1551 486 1591 nobis
518 1552 711 1592 relatum
745 1559 828 1592 est.
893 1549 1027 1603 Quod
1059 1551 1321 1604 prodigium
1354 1550 1471 1604 peri·

209 1648 281 1680 tos
318 1640 479 1681 timere
513 1640 684 1689 docuit,
724 1655 780 1681 ne
819 1655 892 1681 res
932 1640 1218 1694 magnificae,
1260 1654 1362 1681 cum
1393 1639 1471 1680 flo-

209 1730 405 1770 ruissent
426 1730 673 1783 paulisper,
697 1730 944 1771 interirent.
992 1730 1111 1770 Nam
1134 1730 1179 1770 in
1197 1730 1347 1770 Dione
1369 1730 1472 1769 Plu-

209 1819 356 1860 tarchi
390 1820 442 1870 (c.
471 1819 538 1872 24)
571 1826 704 1860 vates
737 1820 921 1873 quidam
945 1820 1102 1860 Miltas
1124 1819 1293 1860 timidis
1325 1818 1471 1859 militi-

206 1909 292 1949 bus
332 1909 514 1962 signum
556 1909 673 1949 caeli
711 1910 933 1962 explanat
970 1916 1016 1949 et
1056 1910 1113 1949 de
1153 1908 1317 1962 apibus
1356 1909 1473 1948 haec

209 1997 361 2038 addit:
408 2028 433 2045 ,.
540 1995 589 2037 τὸ
620 1994 664 2036 δὲ
692 1998 778 2037 τῶν
808 1997 1034 2049 μελισσῶν,
1071 1993 1114 2037 αἳ
1143 1994 1232 2050 περὶ
1259 1992 1318 2036 τὰ
1347 1995 1473 2036 πλοῖα

206 2088 281 2125 τοῦ
311 2083 459 2135 Δίωνος
494 2082 720 2139 ὤφθησαν,
750 2083 873 2140 ἐσμὸν
899 2083 1202 2141 λαμβάνουσαν
1227 2080 1348 2125 κατὰ
1377 2083 1474 2138 πρύ-

206 2184 322 2224 μναν,
351 2169 434 2224 ἰδία
454 2170 550 2225 πρὸς
572 2170 699 2213 αὑτὸν
723 2171 799 2213 καὶ
818 2171 913 2223 τοὺς,
940 2172 1084 2226 φίλως
1105 2169 1264 2227 ἔφραζε
1293 2170 1473 2220 δεδιέναι,

206 2255 264 2311 μὴ
307 2256 444 2298 καλαὶ
488 2257 560 2311 μὲν
601 2258 645 2300 αἱ
683 2256 848 2316 πράξεις
889 2258 1020 2301 αὐτοῦ
1060 2258 1285 2314 γένωνται,
1325 2257 1474 2313 χρόνον

206 2343 239 2384 δ’
270 2343 412 2398 ὀλίγον
443 2339 698 2399 ἀνθήσασαι
728 2346 1028 2400 μαρανθῶσιν.
1060 2371 1112 2374 -

294 2432 456 2486 Itaque
508 2433 618 2483 Dio,
675 2448 949 2487 quamquam
999 2434 1078 2488 (AO
1111 2432 1472 2475 CCCXXXVII
