2042 3070
1033 447 1350 488 *⁴172ss

558 565 620 615 τῷ
648 565 736 615 ναῷ
763 562 946 617 τοῦνομα
986 560 1067 604 ἀπὸ
1097 568 1171 604 τοῦ
1206 563 1574 619 εἰκρδρμήσαντος·
1621 563 1702 608 ἀπὸ
1731 564 1825 607 τού-

558 662 633 689 τρυ
679 648 722 689 δὲ
766 653 841 690 a&
886 649 1030 703 Πτερᾶ
1075 649 1150 690 καὶ
1194 650 1328 691 affixos>
1355 651 1566 707 Κρητικὴν
1608 651 1824 708 πρρςθήκῃ

558 733 811 789 γράμματος,
841 734 1109 790 Ἀπτεραὶσυς
1141 736 1267 792 φασὶν
1297 735 1609 794 ὀνομάζεσθαι]

650 833 803 885 Apem
856 833 995 887 igitur
1047 848 1135 874 non
1183 835 1430 876 memoriae
1479 850 1620 877 eausa
1666 837 1826 889 templi

560 923 679 964 illius
718 924 776 963 ab
817 923 982 976 apibus
1022 923 1130 965 facti
1173 924 1215 964 in
1255 925 1447 965 nummis
1485 925 1826 978 Apteraeorum

560 1012 770 1053 videmus
810 1013 865 1065 (V.
899 1013 1089 1054 Eckhel.
1123 1015 1265 1054 doctr.
1295 1027 1414 1054 num.
1446 1020 1535 1054 vet.
1560 1014 1617 1062 II,
1650 1027 1694 1067 p.
1721 1028 1825 1066 3043

560 1114 678 1141 num.
715 1109 802 1142 vet.
839 1103 998 1142 anecd.
1039 1116 1080 1155 p.
1117 1103 1233 1154 143);
1289 1103 1371 1142 sed
1419 1103 1525 1155 quia
1572 1102 1754 1155 Aptera
1800 1118 1828 1143 a
1867 1154 1869 1156 q

560 1189 700 1229 Ptera
747 1190 822 1230 illo
863 1191 1092 1243 Delphico
1142 1192 1238 1231 viro
1287 1191 1471 1232 condita
1520 1192 1699 1232 colonia
1745 1191 1828 1232 fuit

560 1278 866 1331 Delphorum,
909 1280 986 1319 ubi
1025 1280 1124 1332 apis
1162 1293 1252 1320 non
1285 1281 1431 1320 solum
1465 1304 1520 1309 —
1553 1289 1601 1321 ut
1634 1280 1828 1321 vidimus

562 1391 611 1395 —
644 1367 851 1421 Apollini
883 1369 1164 1409 medicorum
1198 1370 1297 1417 deo,
1339 1370 1421 1409 sed
1455 1369 1593 1410 etiam
1623 1368 1827 1422 Apollini

561 1457 731 1511 Pythio
770 1471 900 1498 sacra
939 1464 1037 1498 erat
1116 1457 1283 1507 (Aliam
1330 1457 1753 1511 interpretationem
1784 1471 1824 1498 V.

561 1559 634 1599 ap.
659 1544 880 1599 Stephan.
907 1560 938 1587 S.
966 1546 1174 1599 Aptera.)
1209 1571 1264 1576 —

650 1640 782 1694 Apes
833 1642 951 1682 enim
999 1642 1246 1682 varietates
1295 1643 1411 1682 caeli
1453 1650 1497 1683 et
1543 1642 1738 1683 hiemem
1784 1649 1830 1682 et
1881 1690 1885 1693 ¹

562 1730 752 1770 imbrem
782 1731 1051 1784 praesagire
1085 1733 1311 1784 putabant
1335 1732 1389 1784 (v,
1413 1730 1646 1772 Aristotel.
1682 1744 1724 1784 p.
1745 1734 1825 1782 627

561 1820 599 1859 B
629 1835 699 1868 1o;
741 1834 784 1872 p.
810 1823 890 1871 835
922 1820 967 1860 A
1000 1833 1046 1860 22
1081 1822 1148 1860 ed.
1176 1820 1384 1867 Bekker3
1426 1820 1556 1860 Arat.
1588 1828 1825 1872 prognost.

560 1923 600 1949 v.
629 1912 734 1961 296;
780 1909 958 1950 Aelian.
993 1911 1047 1950 A.
1077 1909 1132 1950 H.
1170 1910 1210 1960 Ι,
1236 1924 1306 1957 113
1354 1909 1409 1957 V,
1440 1909 1522 1961 13),
1570 1909 1632 1949 ita
1678 1917 1726 1950 ut
1751 1900 1829 1949 =ad

561 1999 648 2039 hoc
682 2012 861 2047 munus,
901 2000 1023 2052 quod
1057 1999 1309 2039 Pausanias
1343 1999 1395 2039 iis
1429 1999 1651 2047 attribuit,
1690 1998 1828 2051 aptis·

563 2088 705 2128 simae
740 2101 841 2128 esse
876 2088 1150 2129 viderentur.
1215 2089 1433 2129 Boeotios
1467 2088 1598 2136 enim,
1633 2088 1709 2141 qui
1740 2087 1830 2128 iam

562 2179 678 2217 duos
702 2191 786 2230 per
819 2190 962 2217 annos
996 2178 1127 2218 imbri
1162 2184 1355 2230 egentes
1389 2177 1608 2218 auxilium
1642 2177 1699 2216 ab
1732 2190 1830 2217 ora-

562 2268 664 2308 culo
712 2267 926 2320 delphico
976 2267 1235 2320 petiverunt
1291 2268 1348 2306 ab
1397 2266 1634 2320 Apolline,
1682 2265 1830 2306 Leba-

562 2357 697 2396 deam
737 2357 826 2409 (ubi
860 2356 1093 2409 Trophoni
1133 2358 1365 2396 oraculum
1407 2356 1518 2407 erat)
1552 2355 1635 2402 ire,
1684 2355 1832 2395 iussos

564 2459 667 2485 esse
700 2455 858 2487 auctor
889 2445 963 2485 ille
997 2446 1059 2486 ita
1091 2444 1226 2484 tradit
1261 2444 1362 2496 (IX,
1387 2457 1430 2497 p.
1450 2448 1544 2494 605,
1571 2442 1653 2494 10):
