2042 3070
746 424 1033 463 *55⁸⁶-

252 544 499 598 imperator
549 549 708 584 contra
753 542 1057 583 Pescennium
1098 541 1293 595 Nigrum
1340 544 1518 598 imperii

252 633 468 687 cupidum
490 631 646 686 gessit⁷
676 631 871 684 primum
894 630 1191 680 Aemilianus,
1225 634 1358 673 huius
1387 634 1516 687 lega-

250 732 334 770 ωε,
367 722 412 762 in
435 721 609 775 proelio
633 722 691 762 ad
715 720 928 774 Cyzicum
955 720 1034 774 (A0
1055 720 1247 762 CXCIII
1269 736 1313 775 p.
1334 722 1436 765 Chr.
1458 725 1514 777 n.)

251 811 495 853 commisso
518 812 576 851 ab
600 810 717 851 illius
739 810 909 863 legatis
931 816 1171 864 superatus
1197 810 1386 860 interiit;
1420 821 1515 854 tum

247 901 393 954 Niger
424 901 524 954 ipse
556 900 600 940 in
632 912 803 953 magna
835 912 996 953 pugna
1034 900 1093 939 ad
1125 899 1273 940 Issum
1311 895 1371 951 (ἐν
1399 899 1518 954 ’[σσῷ

247 987 344 1043 πρὸς
375 990 470 1039 ταῖς
499 987 780 1041 καλουμέναις
810 984 989 1037 Πύλαις)
1019 987 1142 1028 facta
1164 987 1436 1042 profligatus
1470 997 1514 1029 et

248 1078 307 1118 ad
329 1077 596 1130 Euphraten
625 1075 808 1129 fugiens
838 1090 865 1116 a
893 1076 1110 1117 militibus
1134 1075 1296 1118 Severi
1322 1085 1513 1119 necatus

248 1173 331 1207 est.
381 1165 507 1220 Quas
529 1178 602 1206 res
626 1167 848 1206 adversas
872 1165 912 1206 ei
932 1179 1113 1219 quoque
1137 1180 1333 1207 examen
1357 1168 1511 1221 apium

247 1255 597 1310 praenuntiasse
623 1254 713 1295 Dio
736 1254 920 1295 Cassius
950 1255 1012 1295 ita
1034 1255 1173 1297 refert
1191 1255 1430 1308 (LXXIV,
1451 1257 1511 1309 6):

246 1342 489 1397 ,Γενομένων
506 1343 550 1384 δὲ
571 1341 689 1396 αὐτῷ
708 1341 888 1397 σημείων
905 1341 982 1383 οὐκ
998 1338 1186 1397 ἀγαθῶν
1202 1340 1435 1399 ἐταράχθη

245 1429 445 1483 μέλισσαι
473 1429 602 1484 κηρία
631 1429 720 1484 περὶ
749 1425 808 1470 τὰ
839 1432 993 1483 σημεῖα
1022 1425 1080 1470 τὰ
1101 1428 1403 1484 στρατιωτικά,
1433 1429 1511 1482 τάς

245 1531 292 1558 τε
318 1516 479 1567 εἰκόνας
506 1515 638 1558 αὑτοῦ
669 1518 830 1572 (Nigri)
863 1513 1055 1570 μάλιστα
1075 1516 1389 1571 περιέπλασσον.
1434 1516 1509 1560 Διά

244 1610 387 1648 ταῦτα
417 1605 484 1648 οὖν
515 1602 670 1661 ἀπῆρεν
701 1606 754 1657 εἰς
783 1605 833 1648 τὸ
862 1604 1164 1662 Βυζάντιον...
1183 1609 1201 1647 ‚⁷

333 1704 512 1758 Viginti
551 1709 745 1757 quatuor
784 1710 935 1744 autem
976 1704 1103 1745 annis
1141 1710 1246 1758 post
1277 1704 1509 1746 Macrinus

244 1794 509 1847 imperator,
541 1799 788 1847 postquam
822 1801 981 1835 contra
1002 1793 1293 1835 Artabanum
1314 1794 1507 1836 Partho-

243 1896 341 1923 rum
380 1895 541 1936 regem
574 1882 692 1923 male
723 1883 952 1937 pugnavit
985 1897 1039 1924 ac
1073 1883 1239 1924 milites
1270 1884 1507 1925 Pseudan-

242 1972 446 2013 toninum
469 1973 528 2013 ad
552 1972 792 2026 imperium
814 1973 1142 2026 produxerunt,
1167 1987 1269 2014 cum
1287 1973 1378 2014 filio
1402 1988 1507 2015 ene-

244 2067 373 2103 catus
413 2069 495 2103 est.
567 2060 703 2114 Quod
741 2062 930 2103 exitium
968 2063 1076 2103 item
1115 2062 1269 2116 apium
1311 2077 1507 2105 examen

242 2159 655 2205 praemonstrasse,
702 2150 792 2192 Dio
825 2151 1011 2193 Cassius
1052 2153 1140 2194 hoc
1179 2154 1316 2194 modo
1349 2154 1507 2195 scribit

243 2240 532 2295 (LXXVIII,
554 2253 572 2279 2
583 2240 640 2292 5):
662 2237 859 2292 μέλισσαι
878 2239 1005 2294 κηρία
1027 2239 1068 2281 ἐν
1088 2241 1141 2295 τῇ
1161 2239 1312 2297 βοαρίᾳ
1333 2238 1506 2283 ἑνὲπλα-

243 2342 398 2371 σαν...
427 2329 660 2370 κ.τ.λ....’
682 2353 735 2359 -

331 2417 543 2471 Denique
586 2418 724 2459 etiam
764 2425 926 2472 quarto
959 2421 1143 2461 saeculo
1177 2419 1256 2473 (A0
1277 2419 1505 2461 CCCLIX
