2042 3070
1030 450 1318 492 *34ss

540 572 736 611 tantum'
769 571 795 611 i.
815 585 853 611 e.
887 570 984 611 sine
1017 571 1189 618 aculeo,
1224 583 1282 610 an
1315 576 1513 618 ‚armata
1545 567 1806 619 clementia'

538 660 563 701 i.
585 674 622 700 e.
659 673 761 700 cum
795 660 956 701 aculeo
989 659 1239 699 clementer
1270 666 1417 711 regat,
1453 658 1721 698 deliberant.

628 747 759 801 Quae
805 748 958 789 omnia
1007 749 1191 795 docent,
1240 755 1422 788 veteres
1471 745 1807 800 significatione

538 838 792 892 symbolica
843 837 996 891 apium
1051 850 1135 890 pro
1181 850 1328 890 regno
1383 836 1604 889 ducisque
1649 849 1806 876 earum

537 940 621 979 pro
653 940 769 980 rege
801 940 909 967 usos
943 940 1060 967 esse.
1113 927 1165 966 Id
1199 928 1322 980 quod
1355 926 1494 967 etiam
1524 921 1674 977 ,ἐσσήν’
1707 924 1747 977 (i.
1767 938 1805 965 e.

535 1016 865 1068 vulgoapium
899 1016 1007 1068 dux)
1042 1029 1068 1055 a
1093 1014 1374 1055 Callimacho
1403 1028 1488 1068 pro
1520 1028 1635 1068 rege
1667 1014 1805 1055 usita-

535 1114 607 1146 tus
647 1104 901 1153 confirmat,
943 1104 1019 1158 qui
1060 1105 1118 1145 de
1150 1104 1260 1145 Iove
1302 1104 1365 1166 ita
1404 1104 1525 1144 canit
1563 1105 1732 1157 (hymn.
1762 1103 1807 1143 in

532 1194 627 1235 Iov,
653 1195 745 1246 66>1

590 1325 664 1374 ,Οὔ
686 1339 734 1365 σε
762 1325 772 1343 ‘
785 1328 870 1365 εῶν
892 1323 1053 1379 ἐσσῆνα
1074 1323 1201 1367 πάλαι
1222 1325 1380 1372 θέσεως
1403 1325 1510 1380 ἔργα
1531 1325 1575 1366 δὲ
1595 1328 1747 1380 χειρῶν

1003 1409 1014 1420 Ι
1168 1410 1174 1420 l
1477 1409 1484 1419 Ι

590 1411 645 1466 σή
666 1425 714 1452 τε
735 1410 801 1467 βίη
824 1412 873 1453 τό
893 1425 941 1452 τε
961 1425 1127 1466 καρτος,
1157 1411 1178 1452 ‘0
1197 1411 1273 1452 καὶ
1294 1411 1426 1462 πέλας
1448 1409 1565 1452 εἷο-ας
1587 1410 1803 1466 Sisapo-JK...

531 1553 669 1595 Cuius
719 1554 919 1594 auctoris
965 1555 1109 1594 verba
1149 1554 1319 1607 (Frgm.
1351 1554 1473 1606 508);
1515 1551 1803 1606 ,Μυρμιδόνων

532 1639 711 1695 ἐσσῆνα’
744 1645 907 1684 eadem
930 1643 1106 1684 ratione
1141 1657 1321 1697 ,regem
1349 1643 1704 1697 Myrmidonum'
1736 1644 1802 1684 vi-

533 1735 698 1773 dentur
726 1732 998 1786 significare.
1054 1732 1141 1785 (De
1166 1732 1482 1773 sacerdotibus
1506 1732 1697 1780 Dianae,
1727 1732 1803 1785 qui

531 1818 727 1872 ''so-‘fivsg
757 1821 1120 1869 nominabantur,
1154 1834 1235 1861 suo
1268 1822 1370 1861 loco
1404 1822 1709 1874 disseremus).
1745 1847 1801 1851 —

618 1909 707 1950 Hic
754 1923 865 1950 vero
911 1910 1180 1964 Aegyptios
1227 1910 1390 1951 iterum
1439 1910 1611 1963 primos
1657 1887 1799 1950 fuisse

530 2000 756 2047 videmus,
805 1999 882 2052 qui
922 2000 1009 2039 hoc
1049 2000 1259 2052 symbolo
1299 2000 1561 2046 utebantur,
1611 2012 1717 2039 nam
1755 1999 1799 2039 in

528 2089 775 2129 Ammiano
807 2088 1088 2137 Marcellino,
1122 2089 1199 2129 ubi
1233 2090 1290 2128 de
1325 2088 1690 2142 hieroglyphicis
1723 2102 1798 2129 eo·

527 2192 624 2218 rum
664 2177 823 2219 litteris
864 2185 1038 2226 narrat,
1087 2179 1203 2219 haec
1243 2178 1499 2219 invenimus
1540 2177 1710 2230 (XVII,
1733 2178 1797 2229 4>:

528 2268 637 2315 ‚Per
685 2267 887 2320 speciem
936 2267 1038 2319 apis
1085 2268 1223 2307 mella
1271 2265 1553 2307 conficientis
1596 2266 1798 2307 indicant

526 2370 698 2409 regem,
731 2357 1008 2397 moderatori
1032 2369 1134 2396 cum
1164 2357 1446 2397 iucunditate
1476 2356 1663 2396 aculeos
1686 2369 1794 2408 quo-

526 2459 613 2498 que
660 2446 834 2486 innasci
882 2447 1051 2485 debere
1098 2446 1168 2485 his
1217 2446 1360 2498 signis
1410 2446 1708 2486 ostendentes
1751 2452 1796 2485 et

2035 2165 2042 2606 Q—-Qm
2031 2120 2042 2149 ¹-.
2039 2037 2042 2077 ,i-.
