2042 3070
687 434 1005 474 &121ss

213 554 394 594 Romae
435 561 596 606 quarto
637 565 819 606 quoque
852 567 893 605 p.
914 551 1016 592 Chr.
1035 565 1076 593 n.
1119 553 1304 593 saeculo
1344 552 1484 592 exsti-

212 642 335 690 tisse,
378 656 438 682 ex
470 642 694 690 oratione,
736 655 872 694 quam
904 641 1137 682 Himerius
1171 640 1392 694 Sophista
1425 642 1484 681 ad

213 731 434 772 Basilium
466 730 791 784 proconsulem
822 744 1061 771 romanum
1093 730 1266 778 habuit,
1308 730 1483 783 colligi-

214 834 334 869 mus;
368 821 446 861 ubi
477 820 551 860 ille
585 820 710 873 (orat.
735 819 870 868 XIII,
896 819 961 873 11)
996 820 1082 861 ait:

298 907 487 959 ,Ταύτας
532 906 582 962 δὴ
626 904 705 958 τὰς
748 912 823 948 τοῦ
868 906 1024 962 πατρὶς
1063 906 1288 961 παρέδρους
1327 907 1394 947 λει

212 992 326 1048 ἥκεις
370 995 424 1045 εἰς
456 994 692 1049 “Ἐλληνας,
745 991 788 1035 αἲ
836 993 911 1035 καὶ
959 994 1179 1049 τεχθέντα
1225 1008 1273 1035 σε
1404 1007 1460 1033 am

214 1079 410 1138 ἐδέξαντο
440 1081 514 1122 καὶ
544 1079 594 1122 ἐκ
628 1078 885 1135 σπαργάνων
917 1079 1226 1135 ἑτιθηνήσαντο
1257 1080 1303 1122 οὒ
1332 1079 1486 1134 κηρίοις

214 1168 421 1221 μελιττῶν
451 1167 566 1218 τεο-ἰν,
598 1164 696 1209 ἀλλ’
726 1166 893 1221 εὐνομίᾳ
922 1167 999 1208 καὶ
1027 1167 1168 1222 λόγοις
1185 1201 1192 1208 .
1210 1201 1217 1208 .
1235 1201 1243 1209 .
1264 1182 1346 1209 κ.τ.
1356 1169 1394 1209 λ.
1412 1201 1420 1208 .
1438 1201 1445 1208 .
1464 1170 1483 1208 .'

302 1268 411 1309 Lac.
433 1282 546 1322 ergo
581 1275 626 1309 et
657 1269 748 1309 mel
780 1268 998 1309 alimenta
1029 1268 1151 1309 Iovis
1187 1282 1290 1310 esse
1322 1275 1483 1322 putata

213 1365 333 1406 sunt,
373 1359 481 1411 quia
520 1371 678 1399 omnes
716 1358 914 1399 infantes
955 1359 1119 1399 eodem
1152 1359 1288 1399 modo
1321 1373 1483 1413 pasce-

212 1448 389 1489 bantur.
454 1447 707 1501 Postquam
738 1461 849 1488 Vero
884 1448 945 1488 dii
977 1448 1068 1488 mel
1101 1449 1313 1497 ederunt,
1348 1463 1482 1489 sucus

212 1536 288 1577 ille
311 1537 501 1585 divinus,
525 1537 700 1578 nectari
723 1537 1072 1591 ambrosiaeque
1095 1552 1190 1591 par,
1219 1538 1481 1592 symbolum

212 1625 564 1667 immortalitatis
595 1625 744 1667 factus
779 1635 861 1668 est.

300 1715 432 1756 Haec
465 1722 619 1756 autem
651 1715 798 1769 prima
821 1716 1010 1756 deorum
1043 1716 1368 1769 hominumque
1402 1717 1481 1757 ali-

212 1812 376 1853 menta,
410 1806 500 1845 mel
532 1813 577 1846 et
605 1806 689 1852 lae,
723 1804 903 1853 Graeci,
937 1812 987 1845 ut
1018 1806 1089 1846 lac
1123 1806 1307 1846 suavius
1339 1805 1480 1853 fieret,

213 1895 469 1934 miscebant
517 1894 572 1947 (V.
601 1894 783 1935 Aelian.
812 1893 870 1935 A.
890 1895 944 1935 N.
974 1894 1082 1942 XV,
1110 1894 1161 1947 7).
1234 1893 1390 1947 Atque
1437 1894 1482 1934 in

213 1983 356 2024 sacris
389 1991 434 2024 et
466 1983 748 2024 Graecorum
781 1991 826 2025 et
857 1984 1173 2024 Romanorum
1210 1984 1282 2024 lac
1315 1991 1361 2024 et
1392 1984 1483 2024 mel

212 2087 354 2127 saepe
388 2073 630 2115 coniuncta
660 2073 801 2114 fuisse
834 2073 950 2114 infra
981 2072 1253 2114 Videbimus.
1290 2097 1339 2102 —

304 2161 452 2215 Quam
486 2163 777 2203 concordiam
809 2163 942 2203 lactis
975 2163 1213 2216 mellisque
1246 2163 1291 2202 in
1322 2161 1482 2203 ritibus

212 2264 394 2305 quoque
453 2252 718 2305 symbolicis
769 2252 1058 2306 baptismatis
1115 2252 1370 2293 invenimus
1425 2252 1480 2304 (V.

213 2340 399 2382 Grimm.
430 2341 471 2381 d.
501 2341 561 2381 R.
580 2341 637 2382 A.
669 2355 714 2395 p.
738 2345 841 2393 458,
889 2343 967 2382 ubi
1008 2343 1137 2383 locus
1174 2342 1371 2383 Diaconi
1408 2355 1480 2394 ap.

212 2429 446 2471 Mabillon.
465 2443 576 2472 mus.
595 2431 688 2471 ital.
707 2431 739 2480 I,
760 2444 796 2480 2,
819 2445 862 2485 p.
883 2434 962 2483 69:
985 2432 1069 2481 ‚lac
1093 2445 1208 2485 ergo
1226 2437 1272 2471 et
1294 2431 1384 2471 mel
1399 2443 1480 2485 po-
