2042 3070
988 424 1278 463 *26ss

500 545 683 585 nionem
715 543 928 595 praebet.
971 555 1107 594 quam
1139 541 1226 581 nisi
1259 540 1509 586 dormitans
1543 540 1632 581 alio
1665 541 1766 580 loco

502 639 677 674 mutare
710 645 800 671 non
831 630 991 683 potuit.

591 721 860 773 Complures
892 732 1003 759 vero
1041 720 1167 759 locos
1200 720 1439 772 poetarum
1475 718 1768 767 Graecorum,

501 812 579 852 ubi
617 823 730 863 apes
770 823 831 849 ex
863 810 982 848 bove
1022 808 1208 861 genitae
1242 821 1345 848 esse
1386 807 1612 855 dicuntur,
1661 807 1769 847 alibi

502 900 767 941 referendas
800 911 918 938 nunc
941 897 1194 938 iterationis
1216 897 1432 938 vitandae
1465 910 1606 937 causa
1639 897 1768 938 omit-

503 998 651 1030 temus
680 995 725 1028 et
747 988 834 1027 hac
864 988 920 1026 de
944 1000 992 1026 re
1023 986 1274 1027 sententias
1296 986 1615 1026 Romanorum
1649 987 1770 1026 solas

503 1077 664 1131 paucis
698 1077 932 1116 addemus.

592 1166 859 1206 Aristaeum
892 1164 1163 1212 Arcadium,
1208 1153 1438 1216 Apo'llinis
1472 1163 1770 1217 Cyrenesque

503 1256 663 1302 filium,
705 1256 825 1294 hanc
872 1261 1017 1294 artem
1065 1252 1295 1292 invenisse
1335 1252 1572 1305 Vergilius
1620 1252 1683 1293 ait
1728 1259 1773 1292 et

506 1353 700 1397 ‚tempus
735 1357 837 1384 esse
872 1357 927 1383 ea
960 1343 1147 1382 inventa
1170 1342 1394 1395 pandere'
1428 1341 1550 1384 canit
1584 1339 1770 1395 (Georg.

503 1434 585 1482 IV,
610 1434 731 1486 281):

623 1555 658 1563 ..
681 1554 716 1562 ..
752 1521 806 1570 ‚si
839 1535 975 1574 quem
1008 1521 1162 1573 proles
1196 1519 1418 1559 defecerit
1451 1519 1597 1559 omnis

533 1612 632 1651 Nec
651 1624 799 1663 genus
817 1611 939 1650 unde
956 1623 1104 1649 novae
1124 1609 1277 1661 stirpis
1294 1614 1539 1648 revocetur
1556 1607 1773 1648 habebit?

504 1701 773 1753 Ibidemque
814 1699 1077 1753 (295—315)
1116 1698 1313 1751 legimus
1351 1697 1547 1750 primum
1587 1698 1674 1738 hac
1713 1698 1771 1737 de

504 1796 601 1830 arte
641 1795 894 1843 praecepta
926 1787 1141 1840 Vergilii,
1181 1787 1347 1827 deinde
1389 1786 1650 1839 (537—547)
1684 1786 1772 1840 Cy-

502 1893 655 1926 reneS‚
694 1891 812 1931 quae
848 1877 940 1917 filio
974 1878 1069 1923 dat,
1110 1884 1205 1917 tum
1243 1875 1509 1929 (548—559)
1543 1873 1773 1929 quombdo

505 1968 750 2008 Aristaeus
805 1968 920 2006 haec
968 1964 1227 2018 perfecerit.
1307 1962 1438 2016 Quae
1486 1964 1637 2004 omnia
1683 1977 1775 2013 non

505 2058 694 2098 multum
727 2054 942 2096 differunt
974 2056 1032 2095 ab
1065 2054 1130 2103 iis,
1164 2067 1282 2107 quae
1314 2053 1606 2094 Florentinus
1639 2051 1773 2110 (Geo-

505 2160 610 2200 pon.
633 2146 710 2186 lib.
732 2145 841 2193 XV,
868 2145 905 2197 2)
942 2150 987 2184 et
1009 2143 1261 2183 Kiranides
1286 2143 1344 2195 (p.
1369 2142 1438 2194 93)
1471 2148 1516 2181 et
1537 2140 1658 2183 Aen.
1682 2140 1773 2182 Ga-

506 2248 643 2275 zaeus
677 2234 734 2287 (p.
757 2234 823 2286 21)
851 2235 1029 2274 docent.
1089 2232 1160 2286 (V.
1187 2238 1244 2272 et.
1268 2231 1391 2272 Voss
1415 2232 1474 2271 ad
1496 2230 1673 2283 Vergil.
1696 2231 1722 2270 1.
1744 2231 1771 2270 1.

508 2330 553 2364 et
585 2322 798 2364 Ovidium
838 2323 883 2363 in
919 2322 1106 2363 Metam.
1139 2321 1214 2362 lib.
1247 2320 1356 2368 XV,
1388 2322 1615 2371 362—367
1652 2324 1697 2359 et
1729 2319 1774 2359 in

508 2411 1033 2468 Fast.1ib.1‚363—380).
1080 2410 1228 2451 Huius
1249 2409 1339 2450 loci
1358 2407 1512 2453 Ovidii
1539 2409 1598 2448 ad
1616 2406 1771 2450 finem:
