2042 3070
985 432 1274 472 *28ss

498 554 694 593 adesset.
745 553 899 592 Boves
922 551 1076 603 apium
1100 550 1440 603 gignendorum
1469 562 1609 588 causa
1630 561 1764 603 neca-

497 645 672 690 bantur,
705 654 855 694 neque
888 653 1012 687 vero,
1045 645 1094 679 ut
1127 638 1215 692 ipsi
1247 637 1527 691 punirentur.
1561 661 1614 666 —

587 731 840 783 Plerosque
881 735 979 770 toto
1016 728 1149 769 bovis
1190 740 1382 780 corpore
1423 727 1541 766 hanc
1579 727 1638 766 ad
1670 739 1766 765 rem

497 833 605 860 usos
636 833 739 859 esse
765 817 1136 859 observavimus:
1171 822 1330 857 contra
1357 823 1402 855 et
1422 815 1596 855 Plinius
1620 815 1687 867 (N.
1709 814 1767 855 H.

498 909 583 956 XI,
610 921 629 947 2
639 909 677 961 3)
727 917 912 948 ventres
959 906 1155 946 bubulos
1195 902 1405 945 sufficere
1447 904 1527 951 ait,
1567 903 1769 956 itemque

499 998 751 1038 Columella
792 996 892 1049 (IX,
918 1011 980 1047 14,
1006 999 1029 1036 ὁ
1072 995 1323 1036 secundum
1363 993 1652 1046 Magonem),
1693 993 1769 1046 qui

499 1087 615 1126 haec
639 1085 790 1126 addit:
825 1099 974 1138 ,quam
1004 1085 1228 1125 rationem
1259 1083 1525 1136 diligentius
1551 1083 1769 1136 prosequi

500 1188 837 1228 supervacuum
870 1180 994 1227 put0‚
1036 1153 1328 1214 consentiens
1361 1171 1515 1219 Celso,
1556 1171 1633 1224 qui
1665 1185 1771 1224 pru-

502 1264 766 1304 dentissime
807 1263 886 1310 ait,
935 1275 1025 1302 non
1070 1267 1197 1302 tanto
1237 1261 1421 1301 interitu
1459 1273 1602 1313 pecus
1651 1260 1773 1300 istud

502 1353 664 1399 amitti,
711 1360 760 1393 ut
799 1351 863 1392 sic
903 1352 1227 1405 requirendum
1261 1350 1349 1390 sit’.
1413 1349 1547 1390 Certe
1587 1350 1771 1402 quidem

501 1441 753 1482 Columella
776 1441 1022 1494 providere
1048 1455 1135 1480 non
1161 1441 1320 1493 potuit,
1349 1439 1609 1480 Rabusium
1633 1453 1772 1491 quen-

503 1532 607 1571 dam
648 1530 769 1570 mille
809 1537 854 1570 et
894 1529 1156 1583 quingentis
1197 1529 1327 1570 annis
1360 1537 1465 1582 post
1506 1529 1550 1568 in
1583 1529 1774 1581 quinde-

503 1621 621 1660 cimo
644 1620 747 1660 libri
771 1619 837 1659 sui
864 1619 980 1667 ,Von
1005 1620 1108 1659 dem
1131 1616 1380 1658 Veldtbau’
1406 1616 1622 1669 (Strassb.
1649 1616 1772 1669 1560)

502 1709 709 1762 inscripti
751 1709 902 1762 capite
952 1708 1069 1756 ,Von
1109 1709 1197 1747 den
1238 1707 1401 1760 Bynen
1450 1707 1542 1746 und
1581 1706 1668 1746 wie
1708 1706 1774 1745 sie

504 1813 586 1839 aus
626 1799 773 1838 einem
812 1798 971 1839 todten
1013 1798 1160 1838 Rindt
1198 1795 1435 1837 wachsen'
1476 1796 1773 1836 disserturum

501 1887 654 1928 fuisse.
689 1913 745 1916 ——
1680 1873 1699 1881 -

591 1975 724 2016 Alias
764 1976 962 2029 denique
1000 1975 1180 2016 fabulas
1222 1977 1278 2015 de
1319 1974 1475 2027 apium
1509 1979 1609 2013 ortu
1643 1972 1775 2014 Colu=

503 2067 639 2106 mella
662 2067 776 2106 duas
805 2066 868 2106 ita
897 2066 1029 2105 nobis
1058 2064 1197 2105 refert
1221 2064 1322 2117 (IX,
1350 2078 1384 2111 2,
1411 2063 1472 2113 3):
1516 2062 1630 2111 ,Nee
1664 2076 1775 2102 sane

502 2155 671 2195 rustico
715 2155 905 2208 dignum
957 2161 1026 2194 est
1077 2153 1317 2199 sciscitari,
1371 2152 1566 2193 fueritne
1616 2151 1777 2191 mulier

504 2244 810 2297 pulcherrima
855 2244 1012 2297 specie
1052 2243 1258 2290 Melissa,
1308 2255 1445 2295 quam
1483 2240 1692 2293 Iuppiter
1731 2240 1775 2279 in

505 2347 640 2386 apem
680 2334 922 2382 convertit,
963 2347 1018 2374 an
1055 2334 1118 2385 (ut
1151 2332 1438 2372 Euhemerus
1475 2330 1616 2383 poeta
1650 2328 1774 2372 dicit)

506 2423 803 2463 crabronibus
850 2430 895 2463 et
941 2422 1038 2462 sole
1077 2421 1261 2475 genitas
1307 2433 1439 2474 apes,
1486 2432 1602 2473 quas
1643 2430 1770 2470 nym-
