<?xml version="1.0" encoding="UTF-8"?>
<!DOCTYPE html PUBLIC "-//W3C//DTD XHTML 1.0 Transitional//EN"
    "http://www.w3.org/TR/xhtml1/DTD/xhtml1-transitional.dtd">
<html xmlns="http://www.w3.org/1999/xhtml" xml:lang="en" lang="en">
 <head>
  <title>
</title>
<meta http-equiv="Content-Type" content="text/html;charset=utf-8" />
  <meta name='ocr-system' content='tesseract 3.04.00' />
  <meta name='ocr-capabilities' content='ocr_page ocr_carea ocr_par ocr_line ocrx_word'/>
</head>
<body>
  <div class='ocr_page' id='page_1' title='image "./deapiummellisqve00robeuoft_0126.png"; bbox 0 0 2042 3070; ppageno 0'>
   <div class='ocr_carea' id='block_1_1' title="bbox 931 424 1248 464">
    <p class='ocr_par' dir='ltr' id='par_1_1' title="bbox 931 424 1248 464">
     <span class='ocr_line' id='line_1_1' title="bbox 931 424 1248 464; baseline -0.025 2"><span class='ocrx_word' id='word_1_1' title='bbox 931 424 1248 464; x_wconf 33' lang='lat' dir='ltr'>&amp;⁴122ss</span> 
     </span>
    </p>
   </div>
   <div class='ocr_carea' id='block_1_2' title="bbox 458 540 1730 1835">
    <p class='ocr_par' dir='ltr' id='par_1_2' title="bbox 458 540 1725 685">
     <span class='ocr_line' id='line_1_2' title="bbox 458 540 1725 593; baseline -0.004 -8"><span class='ocrx_word' id='word_1_2' title='bbox 458 550 610 585; x_wconf 84' lang='lat' dir='ltr'>tantur</span> <span class='ocrx_word' id='word_1_3' title='bbox 635 544 740 584; x_wconf 76' lang='lat' dir='ltr'>novi</span> <span class='ocrx_word' id='word_1_4' title='bbox 767 542 986 583; x_wconf 89' lang='lat' dir='ltr'>homines&#39;</span> <span class='ocrx_word' id='word_1_5' title='bbox 1015 540 1231 593; x_wconf 86' lang='lat' dir='ltr'>affertur).</span> <span class='ocrx_word' id='word_1_6' title='bbox 1275 541 1579 593; x_wconf 77' lang='lat' dir='ltr'>Tertullianus</span> <span class='ocrx_word' id='word_1_7' title='bbox 1606 541 1725 581; x_wconf 88' lang='lat' dir='ltr'>enim</span> 
     </span>
     <span class='ocr_line' id='line_1_3' title="bbox 458 630 1664 685; baseline -0.002 -12"><span class='ocrx_word' id='word_1_8' title='bbox 458 634 534 674; x_wconf 93' lang='lat' dir='ltr'>illo</span> <span class='ocrx_word' id='word_1_9' title='bbox 563 634 620 673; x_wconf 92' lang='lat' dir='ltr'>de</span> <span class='ocrx_word' id='word_1_10' title='bbox 652 633 740 673; x_wconf 91' lang='lat' dir='ltr'>ritu</span> <span class='ocrx_word' id='word_1_11' title='bbox 772 633 888 673; x_wconf 88' lang='lat' dir='ltr'>haec</span> <span class='ocrx_word' id='word_1_12' title='bbox 922 631 1059 672; x_wconf 78' lang='lat' dir='ltr'>tradit</span> <span class='ocrx_word' id='word_1_13' title='bbox 1092 631 1148 685; x_wconf 83' lang='lat' dir='ltr'>(d.</span> <span class='ocrx_word' id='word_1_14' title='bbox 1173 644 1322 672; x_wconf 92' lang='lat' dir='ltr'>coron.</span> <span class='ocrx_word' id='word_1_15' title='bbox 1348 630 1475 671; x_wconf 89' lang='lat' dir='ltr'>milit.</span> <span class='ocrx_word' id='word_1_16' title='bbox 1501 643 1538 671; x_wconf 90' lang='lat' dir='ltr'>c.</span> <span class='ocrx_word' id='word_1_17' title='bbox 1557 630 1664 683; x_wconf 90' lang='lat' dir='ltr'>III):</span> 
     </span>
    </p>

    <p class='ocr_par' dir='ltr' id='par_1_3' title="bbox 458 719 1725 1044">
     <span class='ocr_line' id='line_1_4' title="bbox 549 719 1725 774; baseline -0.003 -12"><span class='ocrx_word' id='word_1_18' title='bbox 549 722 652 770; x_wconf 79' lang='lat' dir='ltr'>,Ter</span> <span class='ocrx_word' id='word_1_19' title='bbox 684 721 983 774; x_wconf 78' lang='lat' dir='ltr'>mergitamur</span> <span class='ocrx_word' id='word_1_20' title='bbox 1015 720 1209 773; x_wconf 87' lang='lat' dir='ltr'>amplius</span> <span class='ocrx_word' id='word_1_21' title='bbox 1243 720 1414 773; x_wconf 86' lang='lat' dir='ltr'>aliquid</span> <span class='ocrx_word' id='word_1_22' title='bbox 1444 719 1725 772; x_wconf 90' lang='lat' dir='ltr'>responden-</span> 
     </span>
     <span class='ocr_line' id='line_1_5' title="bbox 458 809 1725 864; baseline -0.002 -11"><span class='ocrx_word' id='word_1_23' title='bbox 458 818 548 860; x_wconf 87' lang='lat' dir='ltr'>tes,</span> <span class='ocrx_word' id='word_1_24' title='bbox 597 824 735 864; x_wconf 89' lang='lat' dir='ltr'>quam</span> <span class='ocrx_word' id='word_1_25' title='bbox 776 810 985 851; x_wconf 90' lang='lat' dir='ltr'>dominus</span> <span class='ocrx_word' id='word_1_26' title='bbox 1024 810 1068 850; x_wconf 92' lang='lat' dir='ltr'>in</span> <span class='ocrx_word' id='word_1_27' title='bbox 1109 809 1352 863; x_wconf 84' lang='lat' dir='ltr'>euangelio</span> <span class='ocrx_word' id='word_1_28' title='bbox 1393 809 1725 850; x_wconf 79' lang='lat' dir='ltr'>determinavit.</span> 
     </span>
     <span class='ocr_line' id='line_1_6' title="bbox 459 899 1725 954; baseline -0.002 -13"><span class='ocrx_word' id='word_1_29' title='bbox 459 901 572 942; x_wconf 88' lang='lat' dir='ltr'>Inde</span> <span class='ocrx_word' id='word_1_30' title='bbox 605 900 808 954; x_wconf 88' lang='lat' dir='ltr'>suscepti</span> <span class='ocrx_word' id='word_1_31' title='bbox 838 900 970 941; x_wconf 87' lang='lat' dir='ltr'>lactis</span> <span class='ocrx_word' id='word_1_32' title='bbox 1011 906 1055 941; x_wconf 91' lang='lat' dir='ltr'>et</span> <span class='ocrx_word' id='word_1_33' title='bbox 1087 899 1235 939; x_wconf 91' lang='lat' dir='ltr'>mellis</span> <span class='ocrx_word' id='word_1_34' title='bbox 1269 899 1562 940; x_wconf 84' lang='lat' dir='ltr'>concordiam</span> <span class='ocrx_word' id='word_1_35' title='bbox 1594 911 1725 952; x_wconf 90' lang='lat' dir='ltr'>prae-</span> 
     </span>
     <span class='ocr_line' id='line_1_7' title="bbox 459 988 795 1044; baseline -0.003 -14"><span class='ocrx_word' id='word_1_36' title='bbox 459 996 698 1044; x_wconf 82' lang='lat' dir='ltr'>gustamus</span> <span class='ocrx_word' id='word_1_37' title='bbox 717 1021 726 1030; x_wconf 85' lang='lat'><strong>.</strong></span> <span class='ocrx_word' id='word_1_38' title='bbox 746 1021 754 1030; x_wconf 93' lang='lat'><strong>.</strong></span> <span class='ocrx_word' id='word_1_39' title='bbox 774 988 795 1029; x_wconf 86' lang='lat'>.’</span> 
     </span>
    </p>

    <p class='ocr_par' dir='ltr' id='par_1_4' title="bbox 458 1075 1727 1666">
     <span class='ocr_line' id='line_1_8' title="bbox 546 1075 1726 1132; baseline -0.003 -13"><span class='ocrx_word' id='word_1_40' title='bbox 546 1078 703 1132; x_wconf 80' lang='lat' dir='ltr'>Atque</span> <span class='ocrx_word' id='word_1_41' title='bbox 721 1079 1032 1132; x_wconf 85' lang='lat' dir='ltr'>Hieronymus</span> <span class='ocrx_word' id='word_1_42' title='bbox 1052 1077 1168 1130; x_wconf 71' lang='lat' dir='ltr'>(adV.</span> <span class='ocrx_word' id='word_1_43' title='bbox 1187 1075 1460 1117; x_wconf 87' lang='lat' dir='ltr'>Luciferian.</span> <span class='ocrx_word' id='word_1_44' title='bbox 1473 1075 1601 1129; x_wconf 88' lang='lat' dir='ltr'>VIII)</span> <span class='ocrx_word' id='word_1_45' title='bbox 1621 1089 1726 1117; x_wconf 87' lang='lat' dir='ltr'>ean-</span> 
     </span>
     <span class='ocr_line' id='line_1_9' title="bbox 460 1159 1726 1215; baseline -0.002 -5"><span class='ocrx_word' id='word_1_46' title='bbox 460 1170 564 1210; x_wconf 90' lang='lat' dir='ltr'>dem</span> <span class='ocrx_word' id='word_1_47' title='bbox 586 1182 682 1209; x_wconf 89' lang='lat' dir='ltr'>rem</span> <span class='ocrx_word' id='word_1_48' title='bbox 704 1168 768 1209; x_wconf 86' lang='lat' dir='ltr'>ita</span> <span class='ocrx_word' id='word_1_49' title='bbox 790 1167 1084 1208; x_wconf 86' lang='lat' dir='ltr'>acerbissime</span> <span class='ocrx_word' id='word_1_50' title='bbox 1113 1159 1385 1207; x_wconf 83' lang='lat' dir='ltr'>insectatur:</span> <span class='ocrx_word' id='word_1_51' title='bbox 1421 1198 1448 1215; x_wconf 91' lang='lat'>,.</span> <span class='ocrx_word' id='word_1_52' title='bbox 1464 1199 1471 1207; x_wconf 91' lang='lat'><strong><em>.</em></strong></span> <span class='ocrx_word' id='word_1_53' title='bbox 1488 1198 1495 1206; x_wconf 91' lang='lat'><strong>.</strong></span> <span class='ocrx_word' id='word_1_54' title='bbox 1510 1166 1726 1207; x_wconf 87' lang='lat' dir='ltr'>Multa...</span> 
     </span>
     <span class='ocr_line' id='line_1_10' title="bbox 459 1256 1726 1312; baseline -0.002 -13"><span class='ocrx_word' id='word_1_55' title='bbox 459 1272 577 1312; x_wconf 86' lang='lat' dir='ltr'>quae</span> <span class='ocrx_word' id='word_1_56' title='bbox 616 1271 700 1310; x_wconf 89' lang='lat' dir='ltr'>per</span> <span class='ocrx_word' id='word_1_57' title='bbox 740 1257 1034 1299; x_wconf 87' lang='lat' dir='ltr'>traditionem</span> <span class='ocrx_word' id='word_1_58' title='bbox 1074 1256 1117 1296; x_wconf 93' lang='lat' dir='ltr'>in</span> <span class='ocrx_word' id='word_1_59' title='bbox 1151 1256 1372 1297; x_wconf 88' lang='lat' dir='ltr'>Ecclesiis</span> <span class='ocrx_word' id='word_1_60' title='bbox 1412 1256 1726 1304; x_wconf 88' lang='lat' dir='ltr'>observantur,</span> 
     </span>
     <span class='ocr_line' id='line_1_11' title="bbox 459 1345 1727 1398; baseline -0.003 -10"><span class='ocrx_word' id='word_1_61' title='bbox 459 1347 777 1389; x_wconf 84' lang='lat' dir='ltr'>auctoritatem</span> <span class='ocrx_word' id='word_1_62' title='bbox 825 1345 908 1386; x_wconf 87' lang='lat' dir='ltr'>sibi</span> <span class='ocrx_word' id='word_1_63' title='bbox 961 1345 1161 1398; x_wconf 88' lang='lat' dir='ltr'>scriptae</span> <span class='ocrx_word' id='word_1_64' title='bbox 1207 1345 1328 1398; x_wconf 89' lang='lat' dir='ltr'>legis</span> <span class='ocrx_word' id='word_1_65' title='bbox 1380 1350 1727 1397; x_wconf 82' lang='lat' dir='ltr'>usurpaverunt,</span> 
     </span>
     <span class='ocr_line' id='line_1_12' title="bbox 458 1433 1727 1487; baseline -0.004 -9"><span class='ocrx_word' id='word_1_66' title='bbox 458 1438 584 1478; x_wconf 85' lang='lat' dir='ltr'>velut</span> <span class='ocrx_word' id='word_1_67' title='bbox 630 1437 674 1477; x_wconf 88' lang='lat' dir='ltr'>in</span> <span class='ocrx_word' id='word_1_68' title='bbox 712 1437 899 1477; x_wconf 87' lang='lat' dir='ltr'>lavacro</span> <span class='ocrx_word' id='word_1_69' title='bbox 947 1442 1017 1476; x_wconf 91' lang='lat' dir='ltr'>ter</span> <span class='ocrx_word' id='word_1_70' title='bbox 1064 1441 1204 1487; x_wconf 89' lang='lat' dir='ltr'>caput</span> <span class='ocrx_word' id='word_1_71' title='bbox 1243 1434 1510 1487; x_wconf 86' lang='lat' dir='ltr'>mergitare,</span> <span class='ocrx_word' id='word_1_72' title='bbox 1560 1433 1727 1473; x_wconf 91' lang='lat' dir='ltr'>deinde</span> 
     </span>
     <span class='ocr_line' id='line_1_13' title="bbox 458 1524 1727 1580; baseline -0.003 -13"><span class='ocrx_word' id='word_1_73' title='bbox 458 1539 676 1580; x_wconf 88' lang='lat' dir='ltr'>egressos</span> <span class='ocrx_word' id='word_1_74' title='bbox 724 1525 855 1566; x_wconf 90' lang='lat' dir='ltr'>lactis</span> <span class='ocrx_word' id='word_1_75' title='bbox 904 1532 949 1566; x_wconf 90' lang='lat' dir='ltr'>et</span> <span class='ocrx_word' id='word_1_76' title='bbox 993 1524 1140 1564; x_wconf 91' lang='lat' dir='ltr'>mellis</span> <span class='ocrx_word' id='word_1_77' title='bbox 1185 1530 1492 1577; x_wconf 86' lang='lat' dir='ltr'>praegustare</span> <span class='ocrx_word' id='word_1_78' title='bbox 1541 1536 1727 1564; x_wconf 89' lang='lat' dir='ltr'>concor-</span> 
     </span>
     <span class='ocr_line' id='line_1_14' title="bbox 459 1611 1455 1666; baseline -0.005 -9"><span class='ocrx_word' id='word_1_79' title='bbox 459 1616 581 1656; x_wconf 90' lang='lat' dir='ltr'>diam</span> <span class='ocrx_word' id='word_1_80' title='bbox 614 1617 673 1656; x_wconf 88' lang='lat' dir='ltr'>ad</span> <span class='ocrx_word' id='word_1_81' title='bbox 705 1614 923 1656; x_wconf 86' lang='lat' dir='ltr'>infantiae</span> <span class='ocrx_word' id='word_1_82' title='bbox 958 1611 1365 1666; x_wconf 90' lang='lat' dir='ltr'>significationem&#39;.</span> <span class='ocrx_word' id='word_1_83' title='bbox 1402 1636 1455 1640; x_wconf 90' lang='lat'>—</span> 
     </span>
    </p>

    <p class='ocr_par' dir='ltr' id='par_1_5' title="bbox 459 1700 1730 1835">
     <span class='ocr_line' id='line_1_15' title="bbox 548 1700 1730 1758; baseline -0.005 -12"><span class='ocrx_word' id='word_1_84' title='bbox 548 1704 682 1746; x_wconf 88' lang='lat' dir='ltr'>Certe</span> <span class='ocrx_word' id='word_1_85' title='bbox 706 1705 890 1758; x_wconf 85' lang='lat' dir='ltr'>quidem</span> <span class='ocrx_word' id='word_1_86' title='bbox 922 1703 1012 1743; x_wconf 90' lang='lat' dir='ltr'>mel</span> <span class='ocrx_word' id='word_1_87' title='bbox 1045 1702 1174 1743; x_wconf 89' lang='lat' dir='ltr'>cibus</span> <span class='ocrx_word' id='word_1_88' title='bbox 1207 1701 1445 1742; x_wconf 87' lang='lat' dir='ltr'>infantium</span> <span class='ocrx_word' id='word_1_89' title='bbox 1478 1707 1587 1749; x_wconf 88' lang='lat' dir='ltr'>erat,</span> <span class='ocrx_word' id='word_1_90' title='bbox 1622 1700 1730 1753; x_wconf 88' lang='lat' dir='ltr'>quia</span> 
     </span>
     <span class='ocr_line' id='line_1_16' title="bbox 459 1791 1726 1835; baseline -0.005 0"><span class='ocrx_word' id='word_1_91' title='bbox 459 1795 723 1835; x_wconf 90' lang='lat' dir='ltr'>alimentum</span> <span class='ocrx_word' id='word_1_92' title='bbox 748 1793 929 1833; x_wconf 89' lang='lat' dir='ltr'>salubre</span> <span class='ocrx_word' id='word_1_93' title='bbox 963 1805 1066 1832; x_wconf 90' lang='lat' dir='ltr'>esse</span> <span class='ocrx_word' id='word_1_94' title='bbox 1101 1791 1430 1832; x_wconf 78' lang='lat' dir='ltr'>existimabant</span> <span class='ocrx_word' id='word_1_95' title='bbox 1452 1795 1648 1830; x_wconf 84' lang='lat' dir='ltr'>veteres.</span> <span class='ocrx_word' id='word_1_96' title='bbox 1674 1813 1726 1818; x_wconf 97' lang='lat'><strong>—</strong></span> 
     </span>
    </p>
   </div>
   <div class='ocr_carea' id='block_1_3' title="bbox 549 1876 1753 1935">
    <p class='ocr_par' dir='ltr' id='par_1_6' title="bbox 549 1876 1753 1935">
     <span class='ocr_line' id='line_1_17' title="bbox 549 1876 1753 1935; baseline -0.005 -11"><span class='ocrx_word' id='word_1_97' title='bbox 549 1876 786 1924; x_wconf 85' lang='lat' dir='ltr'>Comatam</span> <span class='ocrx_word' id='word_1_98' title='bbox 820 1888 1053 1935; x_wconf 89' lang='lat' dir='ltr'>pastorem</span> <span class='ocrx_word' id='word_1_99' title='bbox 1084 1887 1230 1921; x_wconf 87' lang='lat' dir='ltr'>totum</span> <span class='ocrx_word' id='word_1_100' title='bbox 1264 1894 1431 1920; x_wconf 90' lang='lat' dir='ltr'>annum</span> <span class='ocrx_word' id='word_1_101' title='bbox 1464 1880 1562 1919; x_wconf 93' lang='lat' dir='ltr'>solo</span> <span class='ocrx_word' id='word_1_102' title='bbox 1595 1879 1753 1919; x_wconf 66' lang='lat' dir='ltr'>melle*</span> 
     </span>
    </p>
   </div>
   <div class='ocr_carea' id='block_1_4' title="bbox 460 1968 1756 2026">
    <p class='ocr_par' dir='ltr' id='par_1_7' title="bbox 460 1968 1756 2026">
     <span class='ocr_line' id='line_1_18' title="bbox 460 1968 1756 2026; baseline -0.005 -13"><span class='ocrx_word' id='word_1_103' title='bbox 460 1974 517 2013; x_wconf 85' lang='lat' dir='ltr'>ab</span> <span class='ocrx_word' id='word_1_104' title='bbox 558 1972 721 2026; x_wconf 88' lang='lat' dir='ltr'>apibus</span> <span class='ocrx_word' id='word_1_105' title='bbox 771 1972 910 2012; x_wconf 87' lang='lat' dir='ltr'>altum</span> <span class='ocrx_word' id='word_1_106' title='bbox 959 1984 1061 2010; x_wconf 84' lang='lat' dir='ltr'>esse</span> <span class='ocrx_word' id='word_1_107' title='bbox 1094 1969 1367 2010; x_wconf 81' lang='lat' dir='ltr'>Theocritus</span> <span class='ocrx_word' id='word_1_108' title='bbox 1406 1968 1476 2008; x_wconf 83' lang='lat' dir='ltr'>his</span> <span class='ocrx_word' id='word_1_109' title='bbox 1517 1968 1756 2013; x_wconf 41' lang='lat' dir='ltr'>versibus,</span> 
     </span>
    </p>
   </div>
   <div class='ocr_carea' id='block_1_5' title="bbox 459 2059 1730 2388">
    <p class='ocr_par' dir='ltr' id='par_1_8' title="bbox 459 2059 1730 2388">
     <span class='ocr_line' id='line_1_19' title="bbox 459 2059 1021 2115; baseline -0.007 -12"><span class='ocrx_word' id='word_1_110' title='bbox 459 2062 596 2104; x_wconf 87' lang='lat' dir='ltr'>tradit</span> <span class='ocrx_word' id='word_1_111' title='bbox 630 2061 775 2115; x_wconf 90' lang='lat' dir='ltr'>(Idyll.</span> <span class='ocrx_word' id='word_1_112' title='bbox 799 2060 902 2108; x_wconf 87' lang='lat' dir='ltr'>VII,</span> <span class='ocrx_word' id='word_1_113' title='bbox 929 2059 1021 2112; x_wconf 89' lang='lat'>78):</span> 
     </span>
     <span class='ocr_line' id='line_1_20' title="bbox 516 2152 1730 2212; baseline -0.007 -9"><span class='ocrx_word' id='word_1_114' title='bbox 516 2162 644 2212; x_wconf 75' lang='grc' dir='ltr'>,Ἁισεῖ</span> <span class='ocrx_word' id='word_1_115' title='bbox 674 2160 706 2201; x_wconf 78' lang='grc' dir='ltr'>δ’</span> <span class='ocrx_word' id='word_1_116' title='bbox 729 2160 784 2211; x_wconf 75' lang='grc' dir='ltr'>ὥς</span> <span class='ocrx_word' id='word_1_117' title='bbox 814 2162 905 2201; x_wconf 73' lang='grc' dir='ltr'>ποκ’</span> <span class='ocrx_word' id='word_1_118' title='bbox 938 2158 1081 2201; x_wconf 75' lang='grc' dir='ltr'>ἔδεκτο</span> <span class='ocrx_word' id='word_1_119' title='bbox 1111 2157 1181 2200; x_wconf 76' lang='grc' dir='ltr'>τὸν</span> <span class='ocrx_word' id='word_1_120' title='bbox 1213 2157 1384 2199; x_wconf 75' lang='grc' dir='ltr'>αἰπόλον</span> <span class='ocrx_word' id='word_1_121' title='bbox 1414 2155 1536 2210; x_wconf 72' lang='grc' dir='ltr'>εὐρέα</span> <span class='ocrx_word' id='word_1_122' title='bbox 1565 2152 1730 2212; x_wconf 72' lang='grc' dir='ltr'>λάρναξ</span> 
     </span>
     <span class='ocr_line' id='line_1_21' title="bbox 517 2239 1629 2297; baseline -0.005 -9"><span class='ocrx_word' id='word_1_123' title='bbox 517 2246 629 2289; x_wconf 77' lang='grc' dir='ltr'>Ζωὸν</span> <span class='ocrx_word' id='word_1_124' title='bbox 661 2244 795 2297; x_wconf 75' lang='grc' dir='ltr'>ἐόντα,</span> <span class='ocrx_word' id='word_1_125' title='bbox 826 2249 1024 2287; x_wconf 74' lang='grc' dir='ltr'>κακαῖσιν</span> <span class='ocrx_word' id='word_1_126' title='bbox 1057 2241 1398 2286; x_wconf 72' lang='grc' dir='ltr'>ἀτασθαλίαισιν</span> <span class='ocrx_word' id='word_1_127' title='bbox 1429 2239 1629 2292; x_wconf 68' lang='grc' dir='ltr'>ἄνακτος·</span> 
     </span>
     <span class='ocr_line' id='line_1_22' title="bbox 505 2328 1568 2388; baseline -0.006 -13"><span class='ocrx_word' id='word_1_128' title='bbox 505 2333 586 2385; x_wconf 66' lang='lat'>‘⁷95</span> <span class='ocrx_word' id='word_1_129' title='bbox 615 2333 663 2374; x_wconf 86' lang='grc' dir='ltr'>τέ</span> <span class='ocrx_word' id='word_1_130' title='bbox 692 2348 748 2375; x_wconf 77' lang='grc' dir='ltr'>νιν</span> <span class='ocrx_word' id='word_1_131' title='bbox 780 2334 824 2375; x_wconf 82' lang='grc' dir='ltr'>αἱ</span> <span class='ocrx_word' id='word_1_132' title='bbox 854 2332 972 2388; x_wconf 80' lang='grc' dir='ltr'>σιμαὶ</span> <span class='ocrx_word' id='word_1_133' title='bbox 1000 2331 1236 2386; x_wconf 63' lang='grc' dir='ltr'>λειμετψὸθε</span> <span class='ocrx_word' id='word_1_134' title='bbox 1266 2328 1413 2385; x_wconf 66' lang='grc' dir='ltr'>φέρβων</span> <span class='ocrx_word' id='word_1_135' title='bbox 1441 2329 1568 2370; x_wconf 76' lang='grc' dir='ltr'>ἰσῖσαι</span> 
     </span>
    </p>
   </div>
   <div class='ocr_carea' id='block_1_6' title="bbox 518 2415 1613 2475">
    <p class='ocr_par' dir='ltr' id='par_1_9' title="bbox 518 2415 1613 2475">
     <span class='ocr_line' id='line_1_23' title="bbox 518 2415 1613 2475; baseline -0.005 -13"><span class='ocrx_word' id='word_1_136' title='bbox 518 2420 670 2475; x_wconf 70' lang='grc' dir='ltr'>Κέδρων</span> <span class='ocrx_word' id='word_1_137' title='bbox 701 2417 742 2471; x_wconf 71' lang='grc' dir='ltr'>ές</span> <span class='ocrx_word' id='word_1_138' title='bbox 773 2417 915 2462; x_wconf 78' lang='grc' dir='ltr'>ἁδεῖαν</span> <span class='ocrx_word' id='word_1_139' title='bbox 946 2421 1156 2474; x_wconf 75' lang='grc' dir='ltr'>μαλακοῖς,</span> <span class='ocrx_word' id='word_1_140' title='bbox 1187 2415 1367 2459; x_wconf 57' lang='lat' dir='ltr'>&amp;vasco-2</span> <span class='ocrx_word' id='word_1_141' title='bbox 1397 2416 1613 2472; x_wconf 75' lang='grc' dir='ltr'>μέλισσαι·</span> 
     </span>
    </p>
   </div>
  </div>
 </body>
</html>
