2042 3070
723 442 1009 483 *854-

238 558 374 599 Cuius
422 560 553 613 regni
592 559 776 601 Saturni
822 559 958 600 finem
1005 561 1210 602 Tibullus
1257 563 1320 602 ita
1366 564 1496 616 luget

239 647 370 699 <Ε1.Ι,
395 661 431 698 3,
454 662 519 690 vs.
547 661 612 699 35,
634 649 728 700 43):

356 745 524 798 ,Quam
546 749 663 788 bene
688 746 884 789 Saturno
908 747 1127 788 vivebant
1148 762 1261 801 rege
1282 781 1288 788 .
1309 782 1317 789 .
1340 785 1345 789 .
1371 782 1377 788 .

356 836 484 888 ipsae
508 836 644 877 mella
666 838 837 877 dabant
860 850 1053 889 quercus
1073 869 1080 876 .
1100 869 1107 876 .
1128 869 1135 876 .
1156 835 1177 876 .’

329 937 387 978 Et
434 937 644 978 carminis
687 936 804 977 illius
852 944 1026 985 auctor,
1074 938 1194 991 quod
1233 938 1389 978 Aetna
1436 940 1497 978 in-

241 1026 460 1079 scriptum
494 1033 575 1075 est,
607 1027 861 1079 interrogat
894 1027 948 1079 (V.
974 1027 1036 1078 9):

394 1140 563 1189 ,Aurea
594 1140 742 1181 securi
764 1140 864 1194 quis
892 1140 1038 1181 nescit
1063 1141 1247 1181 saecula
1268 1140 1420 1194 regis?
1444 1164 1500 1170 —-

394 1229 506 1271 Cum
525 1261 532 1270 .
554 1262 562 1269 .
583 1262 591 1270 .
611 1262 619 1270 .
1395 1289 1398 1291 Β

241 1319 365 1360 (VS-13)
391 1308 497 1371 Ipse
530 1296 611 1359 suo
643 1317 804 1359 flueret
832 1319 1045 1360 Bacchus
1078 1320 1211 1372 pede,
1243 1319 1471 1371 mellaque

1133 1407 1266 1448 lentis

395 1497 658 1538 Penderent
688 1496 806 1538 foliis
839 1503 885 1537 et
912 1498 1073 1550 pingui
1100 1498 1254 1538 Pallas
1287 1497 1406 1537 oliva
1424 1528 1431 1536 .
1452 1529 1459 1535 .
1481 1495 1501 1535 .'

242 1610 398 1663 Atque
432 1611 568 1650 etiam
603 1610 726 1663 apud
759 1610 1059 1651 Claudianum
1096 1611 1171 1651 illo
1207 1612 1261 1651 de
1295 1617 1501 1663 tempore

240 1699 437 1753 legimus
471 1700 527 1752 (d.
549 1699 668 1740 laud.
696 1698 871 1740 Stilich.
893 1699 926 1748 I,
951 1701 1043 1751 85):

303 1830 330 1846 ,.
351 1831 358 1838 .
382 1798 558 1839 ‚ferunt
589 1799 827 1852 mellisque
859 1799 987 1839 lacus
1021 1805 1065 1839 et
1096 1798 1281 1839 flumina
1313 1798 1444 1838 lactis

302 1887 520 1940 Erupisse
553 1888 650 1928 5010
671 1921 678 1929 .
698 1920 707 1928 ,
727 1887 749 1928 .’
772 1912 828 1917 -

333 1987 428 2029 Sed
467 1989 557 2029 mel
593 1989 861 2043 plerumque
901 1990 1038 2030 sudor
1078 1988 1194 2030 caeli
1233 2003 1335 2029 esse
1374 1995 1504 2040 puta-

244 2079 389 2126 batur,
414 2079 709 2130 quamobrem
731 2078 966 2131 Vergilius
990 2079 1052 2119 ait
1075 2077 1259 2132 (Georg.
1283 2078 1363 2125 IV,
1388 2076 1445 2128 1):

306 2167 531 2215 ‚Protinus
561 2166 670 2208 aerii
697 2168 844 2208 mellis
873 2168 1090 2208 caelestia
1118 2167 1237 2207 dona

306 2290 314 2297 .
335 2289 343 2297 .
363 2289 371 2297 .
389 2256 632 2310 Exsequar
650 2290 658 2298 .
679 2290 686 2297 .
707 2290 714 2297 .
736 2256 758 2298 .'

299 2389 302 2392 ,
337 2343 454 2398 Quia
487 2351 640 2386 autem
664 2346 808 2387 dulcis
840 2346 915 2387 ille
949 2359 1083 2387 sucus
1107 2347 1273 2386 donum
1307 2345 1507 2385 caeleste

249 2442 364 2482 erat,
402 2442 584 2476 veteres
624 2435 959 2484 existimabant,
1008 2435 1155 2475 cibum
1195 2435 1383 2475 deorum
1420 2432 1508 2472 mel
