2042 3070
712 439 1000 480 -22-79—42

307 555 513 611 ,Ἀμύντας
543 555 584 597 ὲν
612 559 674 609 τῷ
701 555 853 611 πρώτῳ
881 560 966 598 τῶν
993 559 1068 610 τῆς
1099 554 1243 606 Ἀσίας
1271 555 1487 610 Σταθμῶν

223 643 311 698 περὶ
347 648 420 684 τοῦ
452 640 717 698 ἀερομέλιτος
755 642 1017 696 καλουμένου
1052 642 1346 697 διαλεγόμενος
1383 640 1487 696 γρά-

223 744 290 784 φει
329 729 480 780 οὕτως·
526 729 617 779 ,σὺν
647 733 731 781 τοῖς
766 728 939 784 φύλλοις
977 729 1188 784 δρέποντες
1217 729 1487 770 συντιθέασιν

224 817 277 867 εἰς
302 815 507 872 παλάθης
527 817 731 871 Συριακῆς
756 815 904 870 τροπον
930 814 1199 866 πλάττοντες,
1230 815 1266 856 οἱ
1293 814 1336 856 δὲ
1364 815 1487 870 σιραί-

223 916 299 957 ροις
328 905 574 954 ποιοῦντες’.’

310 1003 535 1044 Aelianus
584 1009 735 1044 autem
784 1017 867 1043 sua
910 1003 1105 1044 fortasse
1150 1004 1238 1044 hoc
1287 1018 1347 1044 ex
1385 1006 1487 1045 loco

224 1091 433 1134 Senecae
474 1093 626 1134 hausit
666 1093 764 1146 (Ep.
789 1093 881 1145 84):
932 1093 1095 1139 ,Aiunt
1134 1093 1326 1134 inveniri
1364 1095 1487 1147 apud

222 1182 360 1222 Indos
408 1183 497 1222 mel
545 1183 589 1222 in
638 1183 907 1223 arundinum
949 1182 1085 1230 foliis,
1134 1184 1256 1236 quod
1296 1191 1373 1224 aut
1413 1198 1488 1223 ros

221 1273 342 1312 illius
376 1273 491 1313 caeli
525 1280 602 1313 aut
633 1272 776 1325 ipsius
809 1271 1042 1312 arundinis
1075 1273 1236 1312 humor
1265 1273 1409 1313 dulcis
1443 1282 1489 1313 et

221 1361 437 1414 pinguior
459 1362 649 1415 gignat’.
675 1386 728 1389 —
753 1359 1063 1413 Quamobrem
1097 1362 1348 1402 secundum
1381 1376 1487 1401 eun-

223 1452 328 1490 dem
372 1457 607 1491 auctorem
642 1450 740 1503 (Ep.
766 1450 835 1501 85)
870 1456 973 1490 sunt
1014 1450 1189 1503 ,quibus
1219 1452 1372 1504 placet
1398 1464 1487 1490 non

220 1538 419 1579 faciendi
452 1539 598 1579 mellis
630 1539 869 1579 scientiam
903 1539 1065 1592 apibus
1100 1553 1214 1587 esse,
1249 1542 1331 1580 sed
1365 1541 1486 1580 00111-

221 1627 387 1680 gendi'.
413 1652 461 1657 -—
490 1628 547 1668 Et
574 1628 816 1668 Petronius
851 1629 936 1681 (56)
972 1630 1028 1668 de
1061 1629 1224 1680 apibus
1258 1629 1343 1670 ait:
1378 1630 1486 1676 ‚mel

220 1724 428 1757 vomunt:
477 1717 655 1757 etiamsi
695 1717 905 1758 dicuntur
942 1717 1052 1758 illud
1092 1732 1119 1757 a
1150 1718 1260 1758 Iove
1294 1717 1486 1763 afferre',

223 1804 353 1857 Quae
386 1806 614 1846 sententia
643 1831 694 1835 --
724 1807 861 1846 liceat
892 1807 1024 1847 nobis
1050 1808 1283 1861 paululum
1307 1808 1489 1860 digredi

224 1918 272 1922 -—
309 1896 434 1947 apud
480 1896 676 1947 populos
726 1897 785 1936 ad
834 1897 1169 1949 septentriones
1223 1904 1488 1950 spectantes

222 1983 373 2036 magis
406 1983 589 2036 poetica
628 1983 722 2025 fuit.
787 1985 905 2025 Nam
944 1985 988 2025 in
1021 1986 1137 2025 libro
1169 1986 1488 2026 Thomassonii

221 2072 489 2119 ‚Finnische
549 2072 860 2126 Mythologie’
920 2074 1140 2128 inscripto
1201 2075 1420 2127 (german.
1462 2088 1489 2114 a

220 2161 456 2202 Petersen.
490 2176 534 2215 p.
561 2162 629 2214 56)
679 2163 736 2202 ab
778 2176 867 2216 ape
910 2164 1098 2217 petitur,
1145 2171 1194 2204 ut
1241 2178 1380 2217 super
1420 2165 1486 2204 lu-

220 2263 325 2290 nam
379 2250 629 2303 stellasque
680 2265 826 2304 usque
887 2254 946 2292 ad
1000 2267 1135 2293 axem
1190 2253 1233 2292 in
1288 2253 1487 2293 medium

221 2339 336 2378 caeli
375 2340 525 2380 locum
568 2348 786 2393 properet
825 2355 879 2381 ac
918 2343 1007 2381 mel
1047 2343 1104 2382 de
1144 2343 1260 2382 cella
1298 2343 1488 2395 penaria

220 2428 295 2467 Dii
327 2435 510 2481 promat
544 2430 599 2482 (v.
629 2429 706 2470 W.
730 2430 934 2478 Menzel„
967 2431 1221 2471 vorchristl.
1252 2431 1484 2471 Unsterbl.
