2042 3070
682 455 970 497 *2⁴33*

195 577 326 631 Quae
356 590 469 631 erga
493 578 655 618 ducem
678 576 827 630 pietas
860 577 1015 630 apium
1047 577 1106 617 ad
1136 576 1305 618 similes
1339 590 1459 618 com-

194 667 456 720 parationes
487 666 765 721 symbolicas
795 667 1053 719 complures
1086 666 1199 707 alios
1227 666 1459 715 excitavit,

195 770 255 796 ex
288 755 451 809 quibus
486 754 712 796 Senecam
746 755 890 798 solum
923 753 1088 795 afferre
1121 756 1343 805 volumus,
1383 757 1460 809 qui

194 844 436 886 clementia
483 844 672 898 regibus
720 845 1041 885 commendata
1084 844 1148 884 ita
1188 845 1275 885 hac
1314 845 1372 884 de
1412 858 1460 885 re

194 933 374 975 disserit
407 934 463 987 (d.
490 934 618 974 clem.
644 933 677 980 Ι,
703 934 791 986 19):

284 1023 479 1071 ,Natura
512 1023 631 1063 enim
665 1029 922 1063 commenta
954 1030 1025 1063 est
1056 1036 1238 1075 regem:
1273 1024 1394 1076 quod
1415 1030 1460 1064 et

196 1125 256 1152 ex
289 1112 388 1152 aliis
422 1112 693 1152 animalibus
725 1111 833 1152 licet
874 1125 1159 1165 cognoscere
1193 1119 1238 1152 et
1271 1126 1330 1152 ex
1364 1112 1459 1164 api-

191 1201 297 1241 bus:
335 1215 524 1254 quarum
556 1201 659 1254 regi
691 1200 1022 1254 amplissimum
1056 1201 1205 1242 cubile
1240 1209 1328 1250 est,
1367 1215 1458 1242 me-

195 1290 362 1343 dioque
386 1304 447 1331 ac'
462 1290 688 1332 tutissimo
710 1291 824 1332 locO.
874 1291 1124 1331 Praeterea
1147 1305 1286 1332 onere
1309 1298 1460 1340 vacat,

193 1386 385 1420 exactor
417 1380 666 1420 alienorum
701 1394 912 1433 operum;
954 1388 1000 1421 et
1033 1381 1200 1422 amisso
1239 1395 1353 1435 rege
1391 1389 1459 1423 to-

191 1474 286 1509 tum
320 1469 535 1510 dilabitur
568 1484 783 1518 examen,
820 1484 907 1510 nec
945 1484 1147 1524 unquam
1185 1471 1288 1524 plus
1320 1485 1458 1511 unum

192 1558 425 1611 patiuntur
462 1559 788 1612 melioremque
826 1573 985 1613 pugna
1018 1567 1253 1612 quaerunt.
1318 1560 1458 1600 Prae-

192 1654 321 1687 terea
348 1648 541 1701 insignis
570 1649 671 1702 regi
699 1649 844 1690 forma
874 1657 954 1698 est,
984 1649 1308 1702 dissimilisque
1338 1657 1458 1690 cete-

191 1735 270 1787 ris,
313 1743 409 1776 tum
448 1738 781 1791 magnitudine,
829 1745 923 1779 tum
961 1739 1126 1787 nitore,
1175 1739 1264 1779 hoc
1305 1745 1457 1779 tamen

190 1826 392 1866 maxime
416 1826 720 1880 distinguitur.
769 1827 1153 1868 Iracundissimae
1177 1842 1230 1868 ac
1253 1841 1336 1881 pro
1362 1841 1458 1868 cor-

190 1914 314 1966 poris
345 1922 484 1968 captu
505 1915 877 1969 pugnacissimae
912 1924 1015 1958 sunt
1048 1931 1162 1970 apes
1195 1924 1241 1958 et
1273 1919 1458 1959 aculeos

190 2003 235 2043 in
258 2004 446 2044 vulnere
482 2004 763 2058 relinquunt:
796 2020 881 2046 rex
915 2007 1014 2059 ipse
1048 2007 1144 2047 sine
1178 2008 1339 2048 aculeo
1373 2015 1455 2048 est.

189 2092 344 2133 Noluit
375 2093 499 2133 illum
531 2100 693 2134 natura
731 2108 816 2136 nec
850 2109 1038 2137 saevum
1073 2110 1175 2137 esse
1215 2110 1300 2137 nec
1329 2097 1457 2137 ultio-

188 2194 294 2221 nem
334 2195 504 2236 magno
545 2189 855 2225 constaturam
888 2191 1070 2238 petere:
1113 2187 1347 2239 telumque
1381 2187 1457 2226 de—

189 2271 330 2311 traxit
359 2280 405 2312 et
433 2272 546 2312 iram
570 2272 666 2313 eius
695 2272 914 2313 inermem
936 2274 1130 2327 reliquit.
1179 2275 1457 2328 Exemplum

190 2360 277 2400 hoc
310 2361 493 2414 magnis
525 2362 714 2414 regibus
744 2361 910 2414 ingens
943 2361 1037 2404 est.'

278 2449 373 2488 Alii
418 2458 629 2491 auctores
674 2457 822 2491 utrum
862 2465 947 2491 rex
991 2453 1144 2505 apium
1195 2453 1456 2500 ‚maiestate

1204 2533 1219 2564 3
