2042 3070
988 422 1279 462 *2422-

498 546 543 578 et
576 539 651 579 W.
690 539 880 580 Menzel.
916 540 1061 593 Myth.
1099 541 1285 581 Forsch.
1325 556 1367 595 p.
1403 547 1479 595 198
1507 544 1601 596 sq).
1671 544 1766 585 Alii

497 628 609 668 alias
638 628 1038 681 interpretationes
1068 629 1235 672 fecere.
1287 631 1365 672 Dr.
1391 631 1645 673 Killmarus
1669 634 1764 686 qui-

497 717 603 756 dam
648 717 1017 758 dissertationem
1063 732 1191 758 suam
1242 721 1317 766 ‚de
1358 719 1453 759 iure
1494 720 1652 773 apum'
1701 722 1765 762 in—

496 806 716 858 scriptam
755 806 839 859 (ed.
866 807 909 846 H
942 806 1005 853 A?
1026 807 1445 860 MDCLXXXVI)
1488 810 1551 850 ita
1583 810 1764 863 incipit:

498 894 642 947 ,Apes
663 896 739 935 vel
761 896 861 948 apis
892 910 952 936 ex
984 891 1013 935 ἀ
1043 895 1118 936 καὶ
1147 899 1264 947 ποῦς,
1296 900 1418 951 quod
1450 899 1545 939 sine
1568 901 1765 952 pedibus

497 990 754 1024 nascuntur.
804 985 935 1039 Virg.
966 986 1147 1027 Trunca
1180 988 1349 1040 pedum
1383 988 1543 1041 primo’
1578 987 1761 1042 (Georg.

496 1073 575 1121 IV,
602 1073 713 1126 310).
783 1074 857 1114 Ac
898 1076 1153 1116 Freundius
1195 1077 1249 1129 (v.
1283 1078 1358 1117 lat.
1384 1077 1616 1118 Worterb.
1650 1091 1682 1118 s.
1706 1078 1764 1129 V.)

498 1163 701 1211 coniicit,
749 1178 884 1217 apem
932 1166 990 1205 ab
1040 1179 1142 1218 ‚ap‚
1191 1153 1319 1218 apo,¹
1348 1160 1492 1205 ἅπτει)’
1539 1166 1764 1220 originem

498 1253 698 1301 duxisse,
732 1252 838 1306 quia
860 1253 948 1293 hoc
981 1254 1149 1294 animal
1181 1255 1390 1295 omnibus
1423 1256 1560 1295 rebus
1593 1256 1763 1295 adhae-

496 1355 596 1382 rere
626 1343 783 1382 soleat.
832 1342 959 1383 Tunc
983 1350 1136 1383 autem
1166 1344 1327 1384 mirum
1358 1344 1490 1384 nobis
1514 1358 1616 1384 esse
1639 1344 1765 1384 vide-

496 1437 630 1479 retur,
660 1431 831 1471 nullum
856 1438 1090 1471 auctorem
1113 1432 1443 1483 Romanorum,
1469 1447 1525 1473 ne
1550 1432 1764 1474 Ovidium

496 1520 694 1572 quidem,
716 1520 833 1560 inter
851 1534 953 1560 sese
977 1523 1325 1562 consonantium
1344 1523 1587 1562 verborum
1611 1535 1764 1562 aman—

495 1616 600 1657 tem,
635 1608 814 1662 ‚apere'
848 1623 949 1649 cum
984 1611 1109 1662 ,ape’
1152 1610 1459 1650 coniunxisse.
1525 1609 1652 1663 Quas
1685 1625 1765 1651 ex-

496 1698 766 1751 plicationes
820 1712 978 1738 omnes
1032 1698 1085 1739 G.
1125 1698 1306 1739 Curtius
1361 1699 1456 1739 iure
1509 1700 1765 1754 meritoque

497 1788 665 1829 reiecit.
739 1787 876 1828 Cuius
916 1788 960 1827 in
1003 1787 1325 1841 Etymologico
1365 1802 1538 1841 graeco
1578 1770 1670 1841 (ed.¹
1687 1789 1765 1838 IV,

497 1890 539 1928 p.
568 1878 661 1926 265,
691 1880 710 1925 ἓ
735 1876 832 1928 334)
866 1877 1085 1929 legimus:
1123 1871 1275 1927 ,ἐμπίς
1306 1877 1490 1924 MUcke,
1522 1877 1598 1921 lat.
1631 1873 1766 1930 ap'i-S,

499 1965 603 2005 ahd.
638 1965 745 2005 imbi
778 1964 953 2005 Biene’.
985 1990 1039 1994 —

586 2052 689 2106 Qua
721 2055 1008 2107 digressione
1055 2054 1179 2095 facta
1215 2056 1274 2095 ad
1307 2068 1420 2107 apes
1469 2068 1528 2094 ex
1562 2055 1762 2108 corpori-

499 2144 583 2183 bus
615 2144 797 2183 bubulis
830 2143 1101 2196 putrefactis
1133 2150 1378 2184 nascentes
1410 2144 1665 2184 redeamus.

587 2233 815 2273 Philetam
838 2232 1218 2286 Antigonumque
1242 2233 1396 2285 paullo
1420 2239 1524 2286 post
1542 2231 1766 2273 Aristote-

498 2322 599 2369 lem,
630 2321 706 2374 qui
729 2322 860 2361 huius
883 2322 1072 2375 originis
1095 2322 1373 2362 mentionem
1393 2334 1484 2361 non
1506 2320 1628 2368 facit,
1651 2334 1764 2373 apes

501 2424 560 2450 ex
590 2412 710 2450 bove
743 2411 924 2464 genitas
954 2410 1125 2451 dixisse
1154 2424 1294 2463 supra
1322 2409 1529 2451 vidimus
