2042 3070
566 534 668 588 Qua
701 549 760 576 ex
788 534 1075 589 Anthologia
1104 536 1175 588 (V,
1195 535 1263 588 32)
1294 535 1381 575 hae
1413 548 1593 588 quoque
1621 534 1741 575 face-

477 626 566 666 tiae
614 625 887 678 Argentari‚
935 639 1050 678 quas
1097 626 1156 665 ad
1200 624 1460 672 Melissam,
1508 623 1744 664 mulierem

479 715 708 768 quandam
755 714 1064 762 libidinosam,
1117 713 1260 761 misit,
1314 712 1744 753 commemorandae

480 811 605 844 sunt:

536 913 681 964 ,Πσιεῖς
700 910 853 963 πάντα,
874 910 1083 962 Μέλισσα,
1106 911 1335 966 φιλανθέος
1357 909 1464 966 ἔργα
1486 911 1703 966 μελίσσης·

594 998 700 1041 Οἶδα
729 999 805 1040 καὶ
834 999 875 1050 ές
903 998 1076 1054 κραδίην
1107 1003 1243 1048 τοῦτο,
1273 997 1408 1052 γύναι,
1438 996 1623 1051 τίθεμαι.

536 1086 620 1127 Καὶ
648 1084 836 1140 μέλιξμὲν
857 1083 1028 1141 στάζεις
1054 1083 1132 1126 ὑπὸ
1158 1083 1343 1140 χείλεσιν
1369 1082 1447 1139 ἡδὺ
1472 1086 1671 1139 φιλεῠσα·

584 1172 665 1213 ’Ήν
697 1172 728 1213 5⁷
762 1172 889 1225 αἰτῇς,
919 1171 1080 1226 κέντρῳ
1110 1171 1255 1226 τύμμα
1286 1170 1418 1226 φέρεις
1450 1168 1613 1212 ἄδικον]

570 1292 691 1344 Apis
743 1304 857 1344 ergo
908 1299 1098 1344 propter
1152 1291 1241 1331 mel
1289 1291 1434 1331 solum
1483 1290 1748 1331 deliciarum

483 1381 650 1422 amoris
698 1380 956 1433 symbolum
997 1387 1112 1429 erat,
1160 1394 1244 1433 pro
1288 1394 1378 1433 qua
1410 1381 1576 1433 po'e'tae
1614 1380 1749 1420 melle

484 1472 584 1524 ipso
633 1483 814 1524 quoque
862 1471 1127 1517 utebantur;
1177 1483 1313 1522 quem
1363 1482 1520 1509 sucum
1559 1482 1750 1510 suavem

486 1574 588 1601 cum
611 1559 779 1600 osculis
802 1559 1058 1612 puellarum
1091 1558 1276 1611 saepius
1304 1565 1619 1611 comparatum
1648 1571 1752 1598 esse

485 1649 739 1690 invenimus
779 1650 835 1701 (V.
861 1647 937 1689 W.
962 1647 1154 1688 Menzcl.
1185 1647 1331 1700 Myth.
1355 1648 1544 1688 Forsch.
1571 1660 1614 1699 p.
1639 1646 1749 1696 223).

484 1739 555 1779 Ita
587 1739 631 1778 in
655 1737 907 1779 Claudiano
930 1738 1047 1777 haec
1068 1736 1267 1789 legimus
1297 1736 1511 1789 (Epithal.
1535 1736 1750 1776 Laurent.

486 1836 532 1869 et
563 1828 676 1868 Mar.
703 1827 796 1880 80):

545 1926 726 1975 ‚Mellea
754 1931 861 1965 tunc
890 1924 1035 1965 roseis
1065 1925 1339 1964 haerescan‘c
1367 1924 1499 1964 basia
1526 1923 1691 1964 labris'.

486 2028 544 2069 Et
575 2028 619 2067 in
651 2027 868 2068 Petronio
902 2026 1072 2079 (Frgm.
1097 2025 1222 2077 863):

547 2130 730 2179 ‚Mellea
762 2142 1041 2183 purpureum
1076 2129 1351 2181 depromunt
1383 2140 1463 2167 ora
1495 2128 1708 2167 ruborem

547 2220 814 2272 Lacteaque
834 2218 1065 2258 admixtus
1090 2217 1303 2259 sublimat
1322 2222 1514 2270 pectora
1537 2215 1753 2270 sanguis.'

489 2322 647 2375 Atque
670 2321 879 2362 Alcimus
914 2322 970 2373 (v.
994 2321 1122 2360 Poet.
1146 2320 1223 2360 lat.
1247 2319 1351 2360 min.
1376 2319 1462 2360 vol.
1482 2318 1585 2366 VII,
1609 2332 1652 2371 p.
1675 2331 1750 2368 135

491 2412 562 2454 ed.
586 2410 821 2464 VVernsd.)
858 2410 1003 2450 canit:
