2042 3070
751 423 1038 462 &⁴57ss

263 543 519 584 ostendisse
568 550 705 595 atque
751 542 838 582 hoc
888 542 1023 581 modo
1073 554 1271 581 errorem
1318 541 1529 582 Creuzeri

263 633 400 686 plane
436 632 773 686 diligenterque
806 631 1101 684 redarguisse
1133 631 1382 679 videamur,
1417 646 1528 685 pau-

263 722 341 771 cis,
374 723 604 776 quomodo
637 722 712 762 ille
736 721 804 762 vir
827 721 1116 762 doctissimus
1147 722 1267 761 hanc
1301 722 1359 761 ad
1392 721 1527 761 inter—

261 811 566 865 pretationem
613 811 774 852 falsam
818 810 1060 865 pervenire
1103 809 1320 864 potuerit,
1370 809 1527 863 exqui-

260 913 361 941 rere
395 901 617 942 volumus.

348 991 541 1031 Duobus
577 989 662 1030 illis
685 990 729 1030 in
754 989 866 1030 locis
890 988 1201 1042 Obsequentis
1236 989 1286 1041 (e.
1312 1001 1363 1029 10
1369 1002 1405 1040 3.
1434 988 1526 1039 104)

263 1079 511 1120 Creuzerus
534 1079 696 1120 merito
719 1078 846 1119 inniti
868 1092 958 1119 non
980 1078 1187 1132 potuisse
1210 1077 1409 1126 videtur3
1444 1091 1528 1118 nec

262 1168 449 1208 meliore
482 1167 578 1208 iure
607 1168 651 1208 in
679 1168 831 1208 verbis
853 1167 968 1208 Plini
993 1167 1062 1220 (N.
1082 1167 1140 1207 H.
1158 1167 1245 1217 XI,
1262 1167 1326 1220 18)
1359 1166 1525 1208 relatis.

261 1258 356 1298 Sed
379 1258 533 1301 nescio
572 1270 629 1298 an
664 1257 760 1298 eius
793 1256 942 1297 animo
977 1257 1106 1297 locus
1138 1257 1213 1297 ille
1236 1256 1415 1310 Vergili
1448 1257 1526 1296 ob-

261 1354 471 1387 versatus
505 1347 572 1395 sit,
606 1346 684 1387 ubi
706 1346 860 1387 fabula
894 1347 951 1387 de
985 1346 1164 1400 origine
1196 1346 1339 1386 Iuliae
1372 1345 1526 1399 gentis

261 1442 481 1478 narratur.

347 1525 542 1566 Lavinia
574 1526 705 1574 enirn,
739 1525 890 1566 Latini
923 1525 1048 1579 regis
1080 1524 1185 1573 filia,
1226 1526 1377 1566 Turno
1411 1524 1527 1573 ‚avis

256 1614 498 1668 atavisque
541 1615 736 1668 potenti'
780 1615 881 1669 regi
918 1615 1195 1656 Rutulorum
1240 1616 1414 1655 nubere
1462 1614 1525 1654 iu-

259 1704 411 1752 betur;

345 1791 455 1841 ,Sed
488 1793 550 1847 (ut
579 1793 815 1847 Vergilius
845 1794 908 1835 ait
939 1795 984 1835 in
1016 1793 1133 1834 Aen.
1153 1793 1257 1839 VH,
1278 1793 1348 1845 58)
1383 1792 1522 1833 Variis

558 1889 773 1936 portenta
806 1885 942 1924 deum
974 1884 1223 1925 terroribus
1256 1883 1463 1923 obstant:

344 1971 523 2012 Laurus
556 1978 654 2013 erat
687 1973 798 2014 tecti
830 1973 981 2014 medio
1001 2005 1230 2021 .........

264 2064 332 2106 (64)
349 2059 497 2100 Huius
514 2074 625 2114 apes
645 2075 868 2103 summum
886 2063 1057 2103 densae
1071 2088 1101 2091 —
1114 2062 1321 2103 mirabile
1339 2060 1525 2101 dictu!—

345 2147 552 2190 Stridore
571 2149 746 2203 ingenti
766 2151 986 2205 liquidum
1003 2159 1129 2193 trans
1152 2152 1342 2193 aethera
1360 2157 1523 2192 vectae

344 2237 585 2280 Obsedere
605 2240 798 2293 apicem,
815 2247 872 2289 et,
891 2242 1088 2294 pedibus
1103 2255 1187 2295 per
1204 2248 1362 2282 mutua
1378 2241 1521 2289 nexis,

341 2327 551 2369 Examen
575 2329 772 2370 subitum
796 2343 923 2370 ramo
945 2330 1186 2371 frondente
1209 2330 1446 2384 pependit.

342 2415 565 2458 Continuo
591 2425 744 2459 vates:
778 2425 1031 2466 ,externum
1057 2420 1294 2462 cernimus'
1318 2420 1462 2475 inquit
