2042 3070
670 427 986 466 4⁴1ss1ss

192 544 464 593 dubitamus,
503 544 609 598 quin
643 546 733 585 mel
765 545 935 598 Priapo
968 545 1254 598 Laribusque
1289 545 1459 586 sacrifi-

193 640 344 673 catum
369 633 501 674 huius
525 633 768 674 fertilitatis
793 635 1051 688 symbolum
1074 634 1220 676 fuerit.
1244 660 1292 664 —
1314 637 1459 677 Lares

192 735 218 761 a
241 722 420 763 Tibullo
447 723 591 776 (Eleg.
610 723 642 770 I,
670 738 701 771 1,
728 724 790 775 [9)
826 724 944 777 ‚agri
975 723 1209 765 custodes'
1238 733 1462 766 vocantur

192 811 247 864 (v.
273 811 380 851 ibid.
404 811 516 859 H,1‚
537 812 606 864 60)
647 820 784 865 atque
819 812 956 852 etiam
989 813 1097 853 Lari
1128 813 1339 854 familiari
1371 815 1461 853 mel

190 900 381 940 libatum
419 914 523 941 esse
556 900 677 940 idem
710 901 849 953 poeta
882 901 953 941 his
984 902 1194 942 versibus
1234 903 1282 954 (I,
1308 917 1370 953 10,
1394 903 1460 955 24)

194 989 434 1029 describit:

405 1110 613 1126 ........
625 1092 726 1118 cum
760 1092 967 1131 paupere
1002 1081 1125 1120 cultu

312 1165 477 1207 Stabat
507 1167 550 1207 in
585 1167 759 1221 exigua
791 1169 974 1221 ligneus
1007 1169 1124 1209 aede
1158 1170 1270 1236 deus

252 1255 409 1310 Atque
439 1256 600 1309 aliquis
624 1257 719 1297 voti
749 1271 938 1310 compos
964 1258 1056 1297 liba
1084 1258 1184 1310 ipse
1208 1257 1399 1305 ferebat,

310 1346 513 1399 Postque
545 1359 699 1386 comes
723 1360 887 1398 purum
910 1345 1003 1386 filia
1032 1360 1177 1398 parva
1199 1345 1381 1387 favum.’

279 1441 376 1481 Mel
415 1454 525 1480 vero
570 1442 828 1494 symbolum
869 1441 1114 1483 fertilitatis
1157 1441 1309 1482 Cereri
1351 1454 1460 1494 quo-

190 1544 278 1583 que
318 1530 511 1578 ‚numini'
549 1530 612 1570 illi
645 1529 892 1584 ,frugifero'
927 1531 982 1583 (v.
1009 1530 1142 1574 Ovid.
1169 1544 1229 1570 ex
1251 1531 1381 1570 Pont.
1407 1530 1461 1577 ΙΙ,

198 1633 234 1666 ι,
268 1633 328 1670 15.
366 1620 429 1672 10)
484 1619 726 1672 quotannis
787 1619 1142 1660 sacrificabatur.
1233 1619 1350 1659 Nam
1404 1619 1461 1658 de

193 1708 374 1755 ,annuis
418 1709 558 1749 sacris
597 1722 797 1761 magnae
831 1708 985 1749 Cereri
1019 1706 1194 1748 relatis’
1228 1707 1461 1761 Vergilius

191 1798 307 1838 haec
341 1806 669 1838 commemorat
702 1798 889 1851 <Georg.
912 1798 945 1846 I,
974 1799 1095 1851 343):

252 1885 439 1934 ,Cuncta
471 1887 552 1927 tibi
585 1887 800 1927 Cererem
833 1888 981 1939 pubes
1015 1887 1215 1939 agrestis
1248 1887 1429 1926 adoret:

251 1975 333 2015 Cui
364 1983 412 2016 tu
443 1976 563 2016 lacte
596 1975 728 2016 favos
762 1983 807 2016 et
839 1976 936 2015 miti
970 1976 1091 2015 dilue
1125 1973 1342 2015 Baccho.’

282 2065 445 2117 Itaque
490 2064 626 2105 etiam
670 2064 916 2112 Mercurio,
964 2063 1167 2117 praesidi
1213 2069 1462 2116 pastorum,

193 2154 283 2193 mel
336 2154 527 2194 libatum
583 2167 685 2194 esse
742 2154 813 2193 his
869 2168 929 2193 ex
975 2153 1183 2193 versibus
1230 2150 1464 2204 Antipatri

193 2242 397 2295 (Anthol.
420 2242 515 2282 Pal.
542 2242 626 2289 IX,
654 2243 720 2295 72)
755 2242 1035 2295 colligimus:

248 2331 445 2382 ,Εὔκολος
474 2332 673 2386 Ἑρμείας,
705 2331 739 2372 ὦ
766 2331 958 2386 ποιμένες,
990 2332 1031 2372 ἐν
1062 2331 1105 2371 δὲ
1135 2328 1329 2385 γάλακτι

304 2417 466 2473 χαίρων
495 2418 570 2459 καὶ
601 2417 744 2473 δρύΐνῳ
776 2418 1055 2472 σπενδομένοις
1086 2417 1243 2471 μέλιτι]
1276 2441 1327 2444 ἠ

1184 2498 1222 2519 ΙΙ
