2042 3070
650 452 963 494 *⁴151*

176 573 321 614 mellis
344 572 548 614 culturae
575 573 665 612 mel
687 585 869 626 quoque
891 572 1121 613 libabatur
1145 572 1198 625 (V.
1220 570 1357 613 Alex.
1378 571 1437 612 ab

175 662 312 703 Alex.
339 675 443 716 gen.
470 662 577 703 dier.
603 662 678 702 lib.
703 661 784 709 ΠΙ,
814 674 849 703 c.
876 661 953 714 12).
1006 659 1182 714 Quibus
1212 662 1269 701 de
1300 661 1437 701 rebus

176 752 300 804 apud
333 749 549 792 Ovidium
581 752 697 791 haec
728 750 926 803 legimus
960 749 1096 803 (Fast.
1121 750 1200 798 ΙΙΙ,
1228 763 1247 801 7
1256 764 1277 801 3
1287 750 1350 802 5):

237 840 367 888 ‚Liba
399 841 486 880 deo
519 839 652 880 fiunt:
685 840 807 880 sucis
840 840 946 893 quia
978 839 1186 880 dulcibus
1218 839 1293 880 ille

295 928 479 970 Gaudet
511 935 555 970 et
587 943 614 970 a
636 929 822 970 Baccho
854 930 992 969 mella
1023 936 1206 982 reperta
1236 927 1398 969 ferunt.

235 1018 338 1059 Ibat
369 1031 562 1059 arenoso
593 1017 771 1071 Satyris
802 1018 1044 1059 comitatus
1075 1019 1133 1057 ab
1160 1017 1340 1060 Hebro,
1358 1049 1366 1058 .
1386 1016 1408 1058 .’

175 1106 356 1147 Deinde
386 1120 498 1159 apes
525 1107 720 1148 sonitum
749 1106 867 1146 aeris
890 1104 1162 1159 Satyrorum
1190 1112 1440 1158 sequuntur

177 1209 231 1236 ac
263 1195 478 1236 Bacchus
511 1196 566 1249 (v,
595 1196 713 1249 743):

237 1283 447 1339 ,Colligit
470 1292 672 1325 errantes
706 1290 751 1325 et
782 1283 827 1323 in
860 1285 1023 1324 arbore
1054 1283 1226 1324 claudit
1258 1283 1376 1324 inani

294 1374 455 1415 Liber:
491 1382 535 1414 et
565 1358 738 1414 inventi
768 1372 975 1426 praemia
1006 1372 1153 1412 mellis
1187 1373 1327 1413 habet
1357 1405 1392 1414 ..
1415 1372 1438 1412 .'

176 1464 292 1504 Tum
330 1461 474 1504 Sileni
517 1463 663 1504 mellis
708 1462 863 1516 cupidi
902 1462 1135 1502 calvitium
1176 1475 1287 1515 apes
1326 1475 1438 1515 pun-

177 1561 293 1606 gunt
338 1553 402 1593 ita
447 1559 497 1593 ut
537 1553 750 1593 Bacchus
797 1551 913 1592 risus
963 1552 1084 1592 edat.
1152 1551 1247 1591 Mel
1285 1558 1437 1592 autem

178 1644 237 1683 ad
268 1643 505 1684 Bacchum
542 1642 692 1695 ipsum
730 1641 949 1694 pertinet,
993 1654 1099 1681 nam
1135 1641 1274 1692 poeta
1313 1640 1440 1681 addit

179 1733 235 1786 (v.
262 1732 382 1785 762):

239 1821 395 1869 ‚Melle
427 1826 560 1874 pater
591 1820 773 1861 fruitur:
806 1820 991 1872 liboque
1023 1818 1173 1859 infusa
1206 1817 1371 1859 calenti

295 1911 398 1950 Iure
431 1909 655 1962 repertori
687 1909 882 1950 candida
915 1908 1051 1948 mella
1084 1906 1274 1948 damus?

180 1998 281 2052 Quo
304 2012 365 2040 ex
381 2000 484 2039 loco
509 2000 564 2051 (v.
581 2012 660 2051 745
676 1998 791 2052 sqq.)
808 1997 1171 2052 Magerstedtius
1195 1997 1274 2050 <1.1.
1298 2009 1341 2048 p.
1357 1995 1440 2047 94).

179 2087 336 2129 Sileno
369 2089 459 2128 mel
489 2088 633 2128 libare
655 2095 836 2129 veteres
869 2088 1026 2129 solitos
1061 2100 1163 2127 esse
1196 2086 1314 2127 falso
1348 2085 1438 2125 col-

178 2179 292 2232 ligit.
348 2176 482 2230 Quod
515 2191 693 2218 sacrum
727 2178 864 2218 etiam
887 2175 1075 2217 Silvano
1108 2181 1267 2228 aptum
1298 2173 1439 2214 fuisse

180 2267 350 2308 ibidem
389 2267 752 2320 Magerstedtius
794 2280 855 2307 ex
895 2265 1262 2306 annotationibus
1300 2262 1442 2302 Vossi

179 2357 239 2396 ad
260 2356 443 2409 Vergili
473 2357 662 2409 eclogas
695 2355 771 2409 (X,
800 2356 865 2409 24)
900 2355 1070 2401 hausit,
1112 2353 1189 2394 ubi
1210 2366 1321 2392 vero
1352 2353 1441 2391 hac

180 2446 239 2485 de
270 2458 320 2485 re
351 2444 461 2485 nihil
492 2445 759 2484 invenimus,
800 2470 844 2473 ——
