2042 3070
966 439 1282 479 *168ss

490 557 846 597 Atheniensium
868 569 1190 609 nonnunquam
1214 556 1314 609 apis
1333 564 1539 609 apparet.
1571 556 1758 596 Minime

493 646 653 686 mirum
689 646 734 686 id
758 645 952 699 quidem.
1010 645 1128 698 Apis
1163 644 1281 685 enim
1316 653 1456 694 casta,
1491 659 1609 698 quae
1634 670 1683 674 —-
1710 654 1759 686 ut

492 735 687 774 vidimus
718 759 758 761 Μ
790 742 835 774 et
859 735 918 774 ad
940 734 1099 774 Musas
1122 734 1458 788 Nymphasque
1492 742 1536 775 et
1569 735 1628 774 ad
1651 734 1758 775 Dia-

491 836 596 863 nam
639 822 941 876 Hecatenque
987 823 1266 875 pertinebat,
1316 830 1474 875 aptum
1522 822 1759 863 Minervae

491 911 658 964 virgini
707 912 966 965 symbolum
1014 911 1110 952 fuit.
1187 912 1438 952 Praeterea
1490 912 1607 952 sicut
1659 912 1761 965 apis

492 1014 687 1054 pugnax
738 1007 835 1040 erat
882 1000 1101 1041 Minerva.
1186 1001 1348 1054 Itaque
1403 1002 1521 1041 haec
1565 1000 1761 1041 Eckheli

493 1089 810 1142 interpretatio
842 1103 1128 1130 nummorum
1149 1089 1503 1130 Atheniensium
1537 1091 1593 1142 (V.
1619 1090 1761 1130 doctr.

493 1193 611 1220 num.
638 1185 728 1219 vet.
751 1178 806 1226 ΙΙ,
840 1192 882 1231 p.
913 1179 1008 1231 218)
1042 1178 1173 1218 nobis
1197 1156 1431 1231 displicet:
1467 1178 1660 1226 ,videtur
1683 1179 1761 1219 ad—

493 1270 653 1309 ludere
687 1240 787 1320 apis
820 1268 878 1307 ad
908 1268 1239 1320 praestantiam
1272 1268 1434 1314 mellis,
1467 1280 1557 1320 quo
1580 1267 1762 1307 nomine

492 1358 668 1398 vicinus
708 1370 838 1397 mons
870 1356 1121 1410 Hymettus
1161 1357 1414 1396 secundum
1453 1356 1604 1395 omnia
1636 1364 1762 1396 vete-

494 1460 593 1487 rum
616 1445 877 1487 testimonia
900 1445 1161 1486 celebratus
1184 1444 1292 1486 fuit?
1338 1446 1620 1498 Interpretes
1644 1444 1763 1485 enim

494 1535 754 1588 ubicunque
784 1547 920 1587 apem
948 1534 994 1574 in
1017 1534 1170 1587 aliquo
1202 1547 1386 1574 nummo
1410 1540 1569 1573 vetere
1593 1533 1764 1581 vident,

494 1623 778 1676 argumentis
803 1623 913 1663 nihil
945 1623 1069 1663 dubii
1102 1623 1463 1676 relinquentibus
1491 1624 1762 1676 plerumque

496 1714 675 1761 docent,
709 1713 833 1752 illam
865 1713 1122 1766 symbolum
1158 1725 1260 1752 esse
1284 1712 1431 1752 mellis
1464 1713 1551 1752 hac
1585 1712 1629 1751 in
1662 1711 1764 1765 ipsa

497 1802 689 1855 regione
729 1802 902 1849 eximii,
951 1801 1027 1841 ubi
1073 1815 1283 1841 nummus
1322 1801 1397 1840 ille
1443 1801 1651 1854 signatus
1694 1800 1763 1841 sit.

495 1892 567 1932 De
601 1892 735 1931 melle
768 1904 879 1931 vero
913 1890 975 1931 ait
1007 1890 1179 1930 Plinius
1213 1890 1280 1943 (N.
1300 1890 1358 1930 H.
1382 1889 1466 1937 XI,
1492 1889 1580 1941 13):
1615 1883 1768 1935 ,sucus

496 1980 656 2020 florum
674 1980 737 2020 ibi
759 1980 958 2033 optimus
977 1993 1171 2032 semper,
1196 1979 1270 2019 ubi
1291 1979 1566 2032 optimorum
1586 1977 1764 2018 doliolis

495 2068 656 2109 florum
680 2069 900 2110 conditur.
946 2068 1132 2109 Atticae
1160 2068 1362 2121 regionis
1386 2068 1473 2107 hoc
1498 2074 1543 2107 et
1566 2066 1762 2117 Siculae,

495 2158 719 2211 Hymetto
753 2164 799 2198 et
829 2157 998 2210 Hybla,
1041 2158 1099 2197 ab
1132 2157 1268 2197 locis:
1316 2169 1425 2196 mox
1460 2154 1667 2210 Calydna
1699 2155 1763 2195 in-

497 2248 619 2287 sula.
642 2279 649 2286 .
670 2279 677 2287 .
699 2279 706 2287 .
741 2247 828 2299 (14)
849 2279 856 2287 .
879 2280 886 2285 .
921 2246 1077 2286 Aliubi
1105 2279 1113 2286 .
1133 2278 1141 2286 .
1164 2281 1170 2287 .
1205 2245 1298 2286 favi
1334 2235 1445 2285 bera
1484 2244 1765 2297 spectabiles

496 2336 750 2387 gignuntur
788 2343 836 2376 ut
874 2335 917 2375 in
950 2335 1172 2388 Pelignis‚
1219 2334 1398 2375 Sicilia:
1448 2333 1585 2374 aliubi
1619 2332 1764 2373 mellis

497 2422 642 2476 copia,
678 2432 724 2464 ut
748 2425 790 2463 in
816 2423 963 2471 Creta,
999 2424 1165 2478 Cypro,
1200 2424 1383 2464 Africa:
1421 2423 1558 2463 aliubi
1587 2422 1763 2473 magni-
