2042 3070
573 438 889 480 *⁴155ss

40 573 43 578 ·
100 558 156 612 (v.
180 558 370 612 Dionys.
395 557 577 611 Perieg.
600 571 640 598 v.
667 570 746 609 327
773 564 818 598 et
839 557 1071 597 Avienum
1095 559 1239 599 deser.
1265 557 1360 598 orb.

99 653 203 687 terr.
224 660 264 689 v.
285 649 368 698 468
389 647 514 700 apud
526 646 740 688 Wernsd.
761 647 882 699 poet.
899 646 974 688 lat.
994 646 1166 694 min.V,
1190 660 1233 700 p.
1254 647 1360 698 193).

103 759 152 763 ——
178 733 280 787 Quo
307 749 367 775 ex
390 736 491 776 loco
520 736 610 776 mel
640 735 821 776 omnino
845 736 1101 789 symbolum
1123 736 1361 790 Nympha-

97 838 196 865 rum
243 837 345 864 esse
402 824 686 878 Porphyrius
740 824 935 878 colligit,
990 825 1067 878 qui
1116 825 1188 878 (de
1228 825 1360 865 Antr.

98 912 298 966 Nymph.
322 913 480 966 XVII)
514 914 601 954 hac
635 915 692 954 de
724 927 774 954 re
806 914 943 968 plane
976 915 1039 955 ita
1071 914 1275 955 disserit:

182 1021 522 1078 ,Λαμβανομένου
552 1022 684 1064 τοίνυν
719 1022 793 1064 καὶ
831 1021 895 1064 ἐπὶ
924 1023 1158 1078 καθαρμοῦ
1188 1028 1263 1065 τοῦ
1293 1023 1363 1078 με-

96 1110 210 1160 λιτος
248 1109 323 1150 καὶ
359 1109 424 1150 ἐπὶ
462 1113 640 1164 φυσικῆς
678 1109 898 1164 σηπεδόνος
932 1110 1007 1151 καὶ
1043 1108 1106 1151 ἐπὶ
1135 1108 1281 1165 ἡδονῆς
1311 1111 1364 1161 εἰς

97 1195 256 1250 γένεσιν
300 1199 585 1251 καταγωγῆς,
629 1195 774 1237 οἰκεῖον
819 1195 1027 1251 σύμβολον
1069 1196 1144 1238 καὶ
1187 1196 1364 1251 νύμφαις

97 1280 258 1337 ὺδριάσι
301 1282 590 1336 παρατίθεται
634 1283 687 1334 εἰς
729 1282 778 1324 το
822 1279 1013 1337 ἄσηπτον
1056 1286 1140 1323 τῶν
1185 1281 1363 1332 ὑδάτων,

95 1368 148 1409 ὥν
185 1367 472 1419 ἐπιστατοῦσι,
517 1368 591 1409 καὶ
628 1368 704 1423 τὴν
745 1367 961 1423 κάθαρσιν
999 1368 1139 1410 αὐτῶν
1179 1369 1252 1410 καὶ
1287 1369 1362 1424 τῆν

96 1457 150 1507 εἰς
179 1456 338 1511 γε’νεσιν
370 1457 608 1511 συνεργίαν·
639 1460 828 1511 συνεργεῖ
853 1453 939 1511 γὰρ
969 1455 1129 1511 γενέσει
1158 1455 1207 1497 τδ
1237 1455 1362 1510 ὕδωρ·

65 1543 154 1585 -διδ
193 1543 267 1584 καὶ
305 1543 346 1584 ἐν
385 1548 468 1595 τοῖς
508 1547 715 1598 κρατῆρσι
750 1543 825 1584 καὶ
862 1539 1095 1597 ἀμφορεῦσι
1129 1542 1363 1598 τιθαιβώσ-

96 1643 215 1671 σουσι
253 1629 461 1683 μέλισσαι.
529 1630 621 1670 Τῶν
659 1628 730 1683 μὲν
771 1628 995 1684 κρατήρων
1035 1628 1241 1685 σύμβολον
1276 1632 1361 1669 τῶν

94 1719 241 1771 πηγῶν
286 1717 632 1771 φεροντιε)ν’....
696 1718 852 1771 Atque
894 1717 1015 1758 idem
1060 1723 1235 1764 auctor,
1284 1730 1363 1757 cur

94 1808 414 1862 Nympharum
463 1807 640 1848 animae
701 1803 900 1858 μέλισσαι
953 1807 1216 1860 appellatae
1262 1806 1360 1853 sint,

94 1898 181 1938 hoc
220 1897 355 1937 modo
396 1897 616 1949 explanat
649 1896 735 1949 (1.1.
760 1895 962 1948 XVHD:
1007 1892 1171 1948 ,Πῆγαὶ
1209 1892 1252 1933 δὲ
1287 1891 1362 1932 καὶ

93 1981 268 2038 νάματα
312 1984 443 2025 οἰκεῖα
487 1987 579 2034 ταῖς
629 1980 790 2037 ύδριάσι
833 1981 1028 2037 νύμφαις·
1086 1981 1161 2023 καὶ
1206 1980 1267 2022 ἔτι
1310 1995 1362 2036 γε

94 2070 260 2124 μᾶλλον
298 2068 475 2124 νύμφαις
511 2073 603 2120 ταῖς
640 2068 813 2125 ψυχαῖς·
864 2065 914 2120 ἃς
949 2068 1057 2120 ἰδίως
1092 2069 1297 2123 μελίσσας
1326 2068 1362 2109 οἱ

94 2155 267 2198 παλαιοὶ
297 2153 487 2205 ἐκάλουν,
517 2152 662 2209 ἡδονῆς
692 2154 821 2206 οὔσας
851 2153 1120 2211 ἑργαστικάς.
1161 2154 1261 2196 ὅθεν
1287 2154 1361 2196 καὶ

93 2242 114 2284 ὁ
134 2243 352 2297 Σοφοκλῆς
384 2244 530 2298 (frgm.
556 2247 637 2296 693
664 2245 733 2285 ed.
757 2244 1006 2297 Hermann)
1038 2241 1115 2283 ούκ
1150 2238 1361 2291 ἀνοικεί(ν)ς

93 2331 157 2374 ἐπὶ
191 2336 276 2373 τῶν
312 2332 460 2388 ψυχῶν
492 2330 588 2385 ἔφη·

177 2427 347 2483 ,Βομβεῖ
385 2427 427 2468 δὲ
464 2430 616 2481 νεκρῶν
654 2430 824 2480 σμῆνος·
878 2425 1049 2482 ἐρχεταί
1083 2429 1119 2467 τ7
1152 2423 1265 2480 ἄλλη
1289 2429 1358 2467 ...'

731 2451 738 2480 μ
