2042 3070
729 428 1086 466 ssl5ss.

242 551 291 582 ut
322 557 509 583 muscae
541 544 772 596 liguriunt.
845 577 966 585 .....
999 559 1133 585 nemo
1166 548 1250 586 has
1284 547 1421 595 videt,
1460 557 1507 589 ut

239 631 340 672 illas
368 633 413 672 in
436 646 572 673 carne
602 639 680 674 aut
707 635 932 687 sanguine
962 642 1039 675 aut
1071 634 1233 688 adipe'.
1295 637 1367 677 Ac
1390 638 1504 678 Ver-

241 720 379 773 gilius
411 730 565 763 monet
598 722 785 776 (Georg.
808 723 886 772 IV,
911 724 1003 776 47):

300 810 414 857 ‚Neu
436 812 623 865 propius
645 812 779 853 tectis
803 812 988 866 (apium)
1012 820 1170 854 taxum
1194 814 1304 861 sine,
1330 827 1446 854 neve

1110 905 1328 944 rubentes

300 989 394 1028 Vre
427 989 530 1030 foco
564 1004 766 1039 cancros,
801 992 921 1031 altae
954 1006 1042 1031 neu
1076 992 1213 1032 crede
1246 993 1405 1045 paludi

298 1077 395 1118 Aut
426 1079 503 1119 ubi
536 1081 649 1120 odor
681 1080 811 1120 caeni
844 1080 1001 1133 gravis
1022 1113 1146 1122 .....
1152 1080 1160 1095 ’

241 1165 370 1207 Sicut
388 1167 652 1216 Columella,
676 1170 754 1209 ubi
777 1170 834 1209 de
859 1169 1060 1209 alveario
1080 1169 1261 1209 disserit
1286 1169 1383 1221 (XI,
1401 1183 1435 1218 5,
1450 1169 1502 1221 ὁ),

238 1256 321 1297 ait:
362 1255 549 1306 ‚Gravis
583 1264 629 1298 et
660 1258 794 1298 taetri
827 1258 980 1298 odoris
1013 1271 1103 1297 non
1137 1258 1281 1297 solum
1311 1257 1504 1297 virentia

240 1346 323 1385 sed
358 1352 403 1386 et
436 1346 670 1398 quaelibet
700 1360 774 1387 res
807 1346 1162 1400 prohibeantur’.
1228 1345 1375 1398 Quam
1409 1360 1503 1386 rem

237 1435 410 1475 Plinius
429 1449 612 1489 quoque
636 1436 846 1476 subtilius
869 1437 1096 1483 observat,
1122 1436 1159 1475 si
1184 1435 1341 1475 scribit
1366 1435 1432 1487 (N.
1447 1435 1503 1475 H.

234 1523 317 1572 XI,
343 1525 408 1576 8>:
457 1524 670 1572 ‚Mortuis
702 1538 760 1565 ne
791 1524 980 1564 floribus
1014 1524 1198 1577 quidem
1239 1537 1328 1563 non
1367 1524 1502 1563 modo

235 1613 504 1666 corporibus
531 1614 756 1654 insidunt‘.
810 1614 903 1653 Vbi
938 1614 1076 1653 etiam
1109 1614 1173 1653 ait
1205 1613 1314 1666 (1o):
1350 1613 1502 1660 ‚odere

236 1702 378 1756 (apes)
425 1702 587 1743 foedos
635 1705 800 1743 odores
845 1703 1098 1756 proculque
1137 1701 1350 1755 fugiunt'.
1430 1702 1502 1741 Ac

235 1792 430 1844 denique
465 1791 577 1845 (24):
612 1791 797 1840 ,Omnes
832 1792 1035 1845 (vespae)
1071 1805 1208 1831 carne
1241 1797 1502 1838 vescuntur,

235 1888 393 1921 contra
434 1895 569 1934 quam
613 1895 745 1934 apes,
793 1894 912 1934 quae
951 1881 1121 1920 nullum
1164 1892 1331 1932 corpus
1371 1879 1501 1920 attin-

234 1970 377 2022 gunt’.
415 1995 460 1999 —
501 1969 631 2022 Quae
664 1970 815 2010 omnia
840 1969 1038 2009 Aeliano
1073 1976 1183 2021 apta
1217 1969 1501 2017 videbantur,

232 2067 281 2099 ut
314 2072 426 2111 apes
460 2073 562 2100 cum
595 2060 759 2113 puellis
801 2059 988 2099 urbanis
1027 2058 1340 2110 modestisque
1381 2071 1501 2097 com-

232 2156 430 2202 pararet.
487 2148 634 2201 Quam
659 2128 931 2189 sententiam
956 2148 1079 2201 apud
1104 2147 1352 2199 scriptores
1376 2155 1500 2186 vete-

232 2253 305 2279 res
343 2252 495 2278 rerum
542 2238 959 2278 ecclesiasticarum
1004 2236 1190 2288 saepius
1230 2235 1498 2274 invenimus.

234 2329 289 2381 (v.
320 2328 534 2367 Ambros.
575 2328 616 2367 d.
652 2326 769 2379 virg.
802 2326 824 2366 I
863 2332 908 2365 et
940 2325 1186 2377 Augustin.
1225 2325 1266 2363 d.
1305 2324 1389 2363 civ.
1427 2323 1501 2362 dei

232 2417 340 2465 XV,
369 2430 430 2468 27.
473 2442 516 2446 —
557 2430 598 2455 v.
634 2423 690 2456 et.
724 2415 845 2455 Voss
880 2416 938 2454 ad
971 2413 1148 2466 Vergil.
1173 2414 1199 2452 l.
1223 2413 1279 2464 1.).
