2042 3070
677 452 995 492 *⁴169ss

200 570 357 610 tudine
405 579 453 610 ut
501 571 543 610 in
571 604 579 611 .
608 603 650 611 ..
692 569 965 611 Germania.'
1043 570 1200 623 Atque
1248 571 1467 611 Horatius

201 659 448 700 Tarentum
482 659 544 699 ita
576 660 732 699 laudat
766 658 866 712 (Od.
890 659 944 707 H,
969 664 1005 707 o,
1033 658 1119 710 13):

387 748 488 796 ,Ille
521 755 745 789 terrarum
778 748 886 788 mihi
918 754 1103 801 praeter
1134 748 1280 789 omnis

387 837 582 890 angulus
614 837 743 885 ridet,
776 837 854 877 ubi
885 851 975 877 non
1006 837 1229 892 Hymetto

384 927 520 966 mella
555 927 784 966 decedunt
804 958 810 966 .
831 958 839 966 .
863 925 886 967 .’

197 1015 253 1067 (v.
281 1015 418 1055 Alex.
443 1016 501 1055 ab
525 1015 663 1056 Alex,
687 1029 791 1068 gen.
819 1016 927 1055 dier.
952 1014 1094 1062 lib.V‚
1121 1016 1202 1063 21).
1225 1039 1281 1043 ——
1304 1015 1464 1055 Varia—

196 1118 294 1144 rum
327 1104 468 1157 igitur
499 1111 722 1145 terrarum
755 1105 845 1143 mel
879 1104 1097 1143 eximium
1131 1117 1232 1144 esse
1256 1110 1463 1157 putatum

197 1201 277 1242 est,
311 1206 502 1246 quarum
535 1193 579 1233 in
611 1193 805 1233 nummis
839 1206 975 1245 apem
1003 1205 1092 1232 non
1115 1193 1336 1235 videmus
1390 1193 1464 1233 Ae

195 1290 378 1323 veteres
404 1308 408 1310 -
432 1281 815 1336 significationem
869 1281 1169 1336 symbolicam
1223 1282 1323 1335 apis
1375 1283 1464 1322 alio

196 1371 523 1424 subtilioreque
572 1372 708 1411 modo
756 1370 1043 1423 interpretati
1091 1384 1193 1411 esse
1236 1371 1459 1413 videntur.

195 1460 287 1500 Eas
325 1459 521 1501 fortasse
564 1461 622 1500 ob
664 1474 828 1500 causas
861 1460 1111 1501 Eckhelius
1152 1461 1252 1513 (l.l.)
1286 1461 1460 1514 pergit:

192 1581 221 1597 ,.
244 1581 252 1589 .
273 1549 468 1590 ,Narrat
500 1558 742 1602 praeterea
772 1550 1077 1591 Philostratus
1114 1554 1168 1602 (v,
1193 1552 1220 1590 1.
1245 1564 1383 1604 supra
1405 1551 1461 1603 l.)‚

194 1651 296 1678 cum
327 1637 640 1678 Athenienses
679 1639 903 1679 coloniam
944 1639 988 1679 in
1022 1639 1195 1680 Ioniam
1229 1641 1462 1687 ducerent,

193 1727 352 1767 Musas
381 1741 519 1780 apum
548 1728 704 1781 specie
735 1741 915 1768 cursum
944 1728 1144 1770 rexisse?
1204 1729 1278 1769 Ac
1307 1728 1460 1782 Stieg—

193 1816 339 1856 litzius
380 1816 536 1869 (Arch.
563 1816 744 1858 Unters.
774 1817 836 1866 ΙΙ,
866 1819 958 1871 195)
1002 1832 1137 1871 apem
1176 1832 1460 1858 nummorum

191 1904 545 1945 Atheniensium
592 1907 651 1946 ad
691 1906 923 1947 Eleusinia
974 1921 1111 1960 quam
1154 1908 1213 1948 ad
1251 1908 1462 1961 Hymetti

193 1995 451 2034 ubertatem
498 1994 668 2035 referre
713 1997 897 2037 maluit:
948 1998 1150 2037 maxima
1193 1998 1238 2037 id
1278 1996 1461 2050 quidem

193 2083 524 2136 interpretandi
579 2084 775 2126 licentia.
853 2086 1085 2126 Eleusinia
1139 2086 1258 2126 enim
1307 2086 1460 2127 Cereri

192 2185 325 2212 sacra
355 2171 496 2213 fuisse
531 2175 653 2213 haud
685 2174 894 2226 ignotum
929 2182 1008 2216 est.
1045 2200 1096 2203 —

281 2260 388 2301 Alia
428 2275 537 2302 vero
580 2262 753 2303 ratione
800 2263 898 2316 apis
938 2263 1145 2317 Apollini
1190 2278 1322 2306 sacra
1362 2264 1457 2306 fuit.

191 2350 243 2389 Id
277 2351 401 2402 quod
434 2350 522 2390 iam
557 2365 617 2391 ex
652 2353 773 2392 cultu
798 2351 930 2400 Solis,
963 2353 1280 2394 Romanorum
1313 2353 1457 2407 Apol-

189 2438 291 2478 linis
319 2441 373 2491 (ν.
393 2439 486 2479 Cic.
507 2441 564 2479 (16
587 2448 678 2481 nat.
699 2442 821 2482 deor.
848 2442 927 2488 HI,
955 2456 1006 2482 20
1039 2443 1129 2496 [51]
1159 2456 1202 2496 p.
1229 2443 1311 2494 69),
1334 2443 1456 2483 colli-
