2042 3070
704 447 1022 486 *1634-

354 562 475 603 Ἔνθ’
506 561 603 604 οὔτε
633 561 778 616 ’ποιμὴν
810 559 916 619 ἀξιοῖ
946 561 1105 618 φέρβειν
1135 562 1252 618 βοτά,

361 648 460 689 Οὑτ’
490 647 602 705 ἦλθέ
632 662 696 689 πα)
727 648 900 702 σίδηρῡς,
933 645 1030 690 ἀλλ’
1062 645 1278 703 ἀκήρατον

360 734 557 776 Μέλισσα
587 735 752 788 λειμῶν’
782 733 913 790 ἠρινὸς
945 735 1180 790 διέρχεται]

315 833 624 887 Quamobrem
657 836 701 875 in
733 836 929 876 nummis
952 836 1268 889 Ephesiorum,
1302 851 1493 890 quorum

226 925 449 977 templum
488 925 667 965 Dianae
717 925 1065 965 celeberrimum
1112 924 1252 965 fuisse
1301 934 1492 973 constat,

225 1014 420 1066 primum
454 1013 498 1053 in
535 1021 666 1067 parte
700 1014 898 1053 adversa
931 1027 1067 1066 apem
1100 1014 1143 1053 in
1175 1027 1339 1054 aversa
1372 1029 1493 1068 ‚qua-

227 1104 405 1143 dratum
445 1101 670 1143 incusum’
718 1102 846 1149 illud,
897 1103 1019 1155 quod
1067 1102 1342 1143 incunabula
1385 1103 1494 1143 artis

225 1203 511 1231 nummorum
566 1191 894 1243 signandorum
940 1190 1128 1238 indicat,
1182 1192 1493 1238 observamus,

227 1279 409 1320 deinde·
443 1286 490 1320 et
537 1294 675 1333 apem
722 1288 767 1321 et
809 1294 996 1320 cervum
1039 1281 1352 1334 palmamque,
1400 1288 1495 1321 tum

226 1382 363 1421 apem
413 1374 458 1409 et
491 1369 689 1410 Dianam
728 1369 877 1422 ipsam
925 1369 1005 1421 (sio
1045 1370 1088 1410 in
1123 1384 1262 1410 aureo
1296 1371 1495 1423 quodam

225 1458 430 1498 thesauri
455 1458 694 1505 Parisiaoi;
729 1472 769 1499 v,
798 1464 855 1498 et.
882 1458 1154 1506 Mommsen,
1183 1458 1320 1499 Rom.
1340 1459 1495 1499 Miinz-

225 1560 332 1587 wes.
367 1561 410 1600 p.
437 1560 531 1599 594.
581 1547 702 1588 Berl.
734 1547 871 1599 1860).
905 1571 959 1576 ——

315 1635 435 1689 Quin
459 1650 632 1683 cervus,
667 1637 738 1677 cui
762 1636 912 1677 Diana
941 1632 1241 1691 (ἑλαφηβόλοῃ
1269 1644 1495 1690 praeerat,

227 1725 484 1766 venationis
516 1726 776 1779 symbolum
809 1726 867 1766 sit
898 1739 988 1766 non
1022 1726 1295 1768 dubitamus,
1349 1725 1496 1779 Span-

228 1813 406 1854 hemius
439 1827 550 1854 vero
583 1815 642 1854 ad
673 1828 883 1855 nummos
906 1815 1166 1862 Faustinae,
1199 1815 1276 1855 ubi
1299 1815 1496 1855 Dianam

229 1902 377 1943 facem
394 1902 657 1955 portantem
677 1909 722 1943 et
738 1903 783 1943 in
801 1909 935 1955 tergo
955 1903 1079 1943 cervi
1098 1905 1335 1944 sedentem
1359 1911 1496 1957 atque

229 1992 571 2045 inscriptionem
620 1989 1109 2039 ‚AETERNITAS
1147 1990 1496 2033 AVGVSTA'

230 2081 459 2128 videmus,
502 2094 688 2120 cervum
728 2082 786 2120 ob
819 2081 1007 2133 longam
1041 2095 1169 2121 suam
1201 2082 1342 2121 vitam
1377 2096 1496 2135 sym-

229 2169 385 2209 bolum
409 2169 694 2209 aeternitatis
711 2168 851 2209 fuisse
871 2171 1008 2209 docet
1032 2171 1104 2221 (ad
1123 2171 1277 2223 hymn.
1302 2171 1344 2210 in
1363 2171 1496 2212 Dian.

231 2257 499 2298 Callimachi
532 2271 572 2298 V.
600 2259 707 2309 106).
758 2257 906 2310 Quam
939 2272 1035 2298 rem
1067 2258 1169 2299 face
1204 2259 1382 2299 ardenti
1410 2259 1497 2299 hoc

230 2347 332 2387 loco
366 2345 614 2399 significari
646 2347 882 2387 malumus.
945 2347 1153 2388 Palmam
1186 2354 1339 2388 autem
1371 2361 1497 2387 num-

232 2448 406 2475 morum
429 2435 733 2487 Ephesiorum
763 2434 1072 2488 Spanhemius
1107 2437 1162 2488 (v.
1188 2437 1246 2475 ad
1275 2437 1429 2489 hymn.
1454 2437 1497 2475 in

1267 2509 1284 2523 χι

1224 2518 1259 2539 ΙΙ
