2042 3070
658 451 977 491 &135ss

274 571 523 612 Inferorum
567 579 718 611 autem
760 571 949 610 deorum
992 570 1263 623 placationis
1312 582 1452 609 causa

186 662 277 702 mel
299 660 642 701 sacrificabatur
665 660 789 713 apud
812 666 1018 699 veterum
1043 659 1312 712 sepulturas,
1337 672 1455 711 quas

186 751 337 791 varias
360 751 599 791 Lucretius
628 749 749 789 vitae
778 749 973 802 cupidus
1002 755 1048 788 et
1077 749 1265 788 horrore
1295 748 1453 788 mortis

187 839 399 892 perfusus
430 841 518 880 hoc
551 840 688 879 modo
723 837 932 890 depinxit
966 836 1060 890 (III,
1086 838 1209 890 902):

360 965 366 971 .
392 942 584 976 ...,non
616 927 810 974 invenio,
844 926 921 979 qui
952 940 1042 966 non
1075 926 1132 966 sit
1166 927 1395 974 acerbum,

248 1018 440 1070 Ignibus
476 1017 739 1070 impositum
782 1015 941 1056 calidis
976 1022 1230 1055 torrescere
1261 1013 1455 1055 flammis

247 1107 343 1147 Aut
375 1107 418 1146 in
452 1107 586 1146 melle
620 1106 754 1146 situm
788 1104 1001 1145 suffocari
1035 1111 1172 1158 atque
1205 1105 1359 1156 rigere

248 1197 451 1249 Frigore,
467 1209 604 1249 quom
623 1208 798 1236 summo
818 1194 961 1247 gelidi
982 1195 1121 1234 cubat
1136 1206 1337 1246 aequore
1356 1192 1456 1232 saxi

248 1285 497 1339 Urger-ive,
539 1298 739 1338 superne
772 1284 1000 1331 obtritum,
1041 1284 1247 1336 pondere
1280 1280 1456 1323 terrae.'

278 1381 486 1422 Placatio
504 1394 626 1428 vero,
650 1394 786 1433 quam
802 1379 1087 1433 Porphyrius
1111 1380 1166 1432 (V.
1187 1385 1232 1418 et
1249 1378 1455 1418 Creuzer.

191 1470 350 1524 Symb.
376 1470 454 1518 IV,
481 1470 578 1522 351)
608 1470 742 1510 melle
765 1468 884 1509 effici
907 1482 1044 1521 posse
1068 1467 1324 1515 arbitratur,
1355 1480 1456 1507 cum

191 1561 327 1601 melle
351 1559 711 1601 conservationis
736 1572 875 1599 causa
897 1558 1085 1599 mortuis
1114 1557 1330 1597 instillato
1354 1569 1456 1596 con-

191 1649 382 1690 fundere
415 1649 539 1689 nullo
572 1650 709 1688 modo
741 1650 860 1689 licet.
915 1649 1154 1689 Patroclus
1189 1647 1308 1687 enim
1341 1659 1457 1686 mor-

192 1746 296 1779 tuus
328 1739 463 1778 melle
495 1762 549 1766 ——
582 1744 632 1778 ut
664 1751 803 1790 supra
836 1737 909 1790 (ad
941 1737 1128 1777 Homer.
1164 1736 1290 1777 Iliad.
1317 1734 1455 1781 XIX,

196 1828 264 1880 38)
315 1827 591 1868 coniecimus
642 1851 686 1856 —
743 1833 1042 1872 conservatus
1089 1832 1170 1865 est.
1249 1824 1459 1865 Achilles

195 1930 306 1957 vero
338 1923 504 1970 postea
535 1929 699 1968 rogum
721 1916 937 1957 Patroclo
970 1923 1214 1956 exstruens
1248 1915 1305 1968 (v,
1328 1914 1458 1955 Iliad.

195 2006 379 2054 XXIII,
410 2005 528 2058 170):

252 2091 305 2143 ,ἐν
336 2092 368 2133 δ’
391 2091 524 2132 ἐτίθει
552 2091 718 2145 μέλιτος
747 2091 821 2132 καὶ
851 2088 1082 2145 ἀλείφατος
1114 2086 1403 2144 ἀμφιφορῆας]

196 2179 357 2231 Itaque
403 2181 461 2219 de
509 2193 625 2233 rogo
672 2179 867 2220 Achillis
914 2179 1242 2232 Agamemnon
1290 2177 1332 2217 ei
1374 2176 1460 2229 ipsi

197 2269 319 2321 apud
353 2268 522 2309 inferos
555 2276 708 2309 narrat
742 2270 798 2321 (v,
823 2268 991 2321 Odyss.
1014 2266 1199 2314 XXIV,
1225 2266 1317 2317 07):

253 2356 392 2405 ,Καὶεο
415 2356 447 2396 δ’
470 2355 510 2396 ἔν
530 2358 566 2396 τ’
588 2355 761 2409 ἐσθῆτα
790 2356 904 2395 θεῶν
933 2354 1007 2395 καὶ
1038 2351 1238 2406 ἀλείφατι
1266 2352 1412 2404 πολλῷ

818 2444 824 2459 5

254 2443 328 2484 καὶ
357 2443 494 2496 μέλιτι
523 2443 738 2497 γλυκερῷ.
756 2474 763 2481 .
780 2474 813 2481 ..
849 2466 901 2470 —-
