2042 3070
692 447 1008 487 &⁴167ss

221 578 358 617 quam
391 565 492 618 ipse
526 564 641 605 infra
674 566 733 618 (p.
761 566 857 618 253)
892 565 1098 606 cicadam
1123 574 1270 607 vocat.
1324 566 1486 607 Nonne

219 653 359 706 igitur
381 653 542 694 cicada
563 668 849 695 nummorum
872 654 1293 707 Metapontinorum
1323 656 1487 695 eodem

220 744 356 783 modo
389 756 472 796 pro
507 757 596 796 ape
629 744 790 784 haberi
821 743 999 797 potuit?
1030 767 1084 772 —-

310 844 488 884 Eadem
540 858 649 884 vero
703 845 882 885 Dianae
942 846 1152 898 symbola
1203 859 1488 886 nummorum

221 932 527 985 Ephesiorum
568 934 704 974 etiam
742 933 786 973 in
817 933 1095 974 Aradiorum
1134 934 1328 974 nummis
1361 934 1487 974 vide-

222 1034 336 1062 mus.
390 1020 492 1074 Qua
524 1023 580 1062 de
613 1036 662 1062 re
685 1022 934 1063 Eckhelius
967 1023 1125 1074 (doctr.
1150 1036 1267 1064 num.
1294 1030 1384 1063 vet.
1409 1022 1489 1070 ΙΙΙ,

218 1124 260 1163 p.
289 1111 388 1163 393)
422 1111 506 1152 ait:

283 1234 374 1270 ,cur
402 1228 556 1262 exstet
578 1221 710 1275 (apis)
742 1221 879 1261 etiam
912 1221 957 1261 in
983 1222 1178 1262 nummis
1201 1222 1349 1262 Aradi
1382 1221 1489 1262 mihi

988 1310 1347 1364 incompertum.'

221 1421 402 1461 Dianae
442 1428 593 1461 autem
635 1422 782 1461 cultus
822 1420 1017 1460 fortasse
1056 1435 1201 1474 usque
1241 1423 1300 1462 ad
1339 1422 1488 1463 Phoe-

221 1510 348 1550 nices
377 1509 677 1562 permanavit.
712 1510 768 1561 (v.
794 1517 849 1550 et.
874 1510 1088 1550 Pellerin.
1111 1509 1232 1550 Med.
1258 1512 1339 1551 des
1357 1511 1489 1551 villes

220 1598 288 1639 III
319 1599 379 1652 pl.
402 1597 502 1646 XC,
531 1612 565 1638 2.
592 1599 644 1649 3).
678 1622 732 1626 —-

313 1699 535 1739 Nummos
566 1713 676 1740 vero
707 1698 1000 1754 Smyrnaeos,
1033 1700 1120 1740 illis
1155 1700 1338 1749 similes,
1370 1701 1488 1741 Eek-

224 1789 370 1829 helius
393 1788 555 1829 melius
574 1790 661 1829 hoc
684 1790 821 1829 modo
844 1789 1135 1842 interpretari
1160 1790 1308 1842 potuit
1333 1791 1488 1842 (doctr.

226 1893 345 1920 num.
369 1886 458 1920 vet.
482 1879 539 1926 ΙΙ,
564 1893 607 1932 p.
634 1879 753 1930 545):

287 1978 488 2028 ‚Constat
522 1979 640 2018 enim
674 1992 733 2019 ex
764 1978 990 2020 Strabone
1030 1979 1069 2031 (1.
1092 1978 1213 2019 XIV
1243 1993 1286 2032 p.
1310 1993 1365 2019 m.
1392 1980 1489 2032 939)

224 2068 454 2122 Ephesios
483 2076 527 2108 et
550 2067 830 2122 Smyrnaeos
858 2068 1103 2121 aliquando
1130 2081 1221 2108 una
1243 2067 1490 2116 habitasse,

226 2158 290 2198 sic
323 2164 373 2198 ut
404 2157 617 2210 Ephesus
651 2157 787 2198 etiam
821 2155 1019 2211 Smyrna
1052 2155 1305 2197 diceretur.’
1338 2181 1391 2186 —

317 2257 412 2299 Sed
458 2258 694 2298 Minervae
748 2271 929 2311 quoque
982 2257 1082 2311 apis
1127 2257 1308 2298 videtur
1360 2270 1492 2297 sacra

225 2348 380 2388 fuisse.
444 2347 560 2387 Nam
608 2347 670 2387 illi
711 2360 801 2387 non
841 2347 986 2387 solum
1026 2347 1116 2386 mel
1149 2345 1492 2387 sacrificabatur

226 2437 283 2489 (v.
305 2436 403 2477 infr.
427 2436 511 2477 loc.
542 2437 660 2476 laud.
684 2436 910 2488 Pausan),
944 2437 1026 2476 sed
1051 2436 1096 2476 in
1126 2435 1320 2476 nummis
1354 2435 1491 2476 etiam
