2042 3070
741 427 1029 469 ..k-63*

340 545 399 587 Et
437 546 622 601 Assyri,
662 548 935 588 Iudaeorum
977 547 1145 588 inimici
1186 560 1288 588 cum
1329 561 1416 600 ape
1455 547 1519 588 ita

253 643 576 690 comparantur
608 637 874 691 (Prophetia
902 636 1053 678 Isaiae
1084 636 1187 685 VH,
1214 638 1302 689 18):
1340 636 1517 684 ‚Sibila-

252 725 317 766 bit
338 726 616 768 Dominus..
637 759 645 767 .
678 726 766 780 api,
800 740 919 780 quae
953 734 1023 767 est
1056 727 1101 767 in
1132 733 1256 768 terra
1284 726 1458 767 Assur!

341 815 444 856 Huc
472 816 651 857 accedit
679 816 829 864 etiam,
860 823 908 856 ut
938 829 998 856 ex
1026 815 1246 869 Appiano
1278 815 1517 856 Romanos

252 904 406 957 apium
446 905 732 946 examinibus
770 906 830 945 ad
868 905 1170 958 expellendos
1210 906 1369 946 hostes
1408 919 1516 945 usos

252 1007 354 1034 esse
387 995 732 1048 comperiamus,
765 994 842 1034 ubi
871 994 946 1034 ille
971 995 1028 1035 de
1052 994 1214 1035 Amiso
1247 1002 1292 1036 et
1314 995 1515 1048 Eupato-

252 1083 329 1130 ria,
364 1083 545 1137 oppidis
578 1083 854 1124 Mithridatis
888 1097 914 1124 a
941 1084 1133 1124 Lucullo
1164 1085 1437 1136 proconsule
1471 1092 1516 1125 et

254 1174 370 1214 duce
419 1188 605 1215 romano
643 1174 862 1221 obsessis,
910 1182 1065 1215 narrat
1104 1181 1243 1227 atque
1282 1175 1516 1227 explanat,

253 1265 372 1303 hunc
419 1264 584 1304 milites
632 1263 752 1305 illinc
796 1264 1145 1317 Themiscyram
1198 1263 1394 1311 misisse,
1442 1264 1517 1317 qui

252 1353 411 1393 urbem
451 1353 708 1407 occupandi
747 1366 887 1393 causa
927 1353 1164 1400 cuniculis,
1204 1366 1317 1406 quos
1358 1349 1517 1400 ,ὑπονο-

252 1442 369 1493 μους’
400 1441 706 1490 nominabant,
740 1441 1086 1483 circumdarent.
1146 1440 1296 1494 Quam
1329 1444 1389 1483 ad
1420 1456 1516 1483 rem

252 1530 498 1585 Appianus
531 1532 660 1572 addit
693 1532 748 1585 (d.
772 1532 878 1572 bell.
901 1531 1101 1572 Mithrid.
1129 1532 1217 1583 78):
1261 1529 1453 1580 ....,καὶ
1482 1530 1518 1571 οἱ

254 1618 527 1673 Θεμισκύρεοι,
558 1616 661 1670 ὀπὰς,
690 1615 857 1660 ἄνωθεν
887 1617 926 1670 ἐς
956 1618 1108 1670 αὐτοὺς
1134 1619 1385 1675 ὀρύττοντες,
1416 1617 1517 1675 ἄρκ-

252 1719 348 1756 τους
367 1720 416 1747 τε
435 1705 511 1747 καὶ
529 1705 663 1761 θηρία
694 1703 818 1761 ἕτερα
847 1706 922 1747 καὶ
952 1705 1087 1761 σμήνη
1117 1707 1327 1760 μελισσῶν
1355 1706 1395 1757 ἐς
1421 1705 1517 1756 τοὺς,

252 1790 556 1848 ἐργαζομένους
586 1790 834 1848 ἐνέβαλλον]
857 1819 909 1822 —

340 1881 496 1935 Atque
539 1882 676 1922 etiam
714 1882 758 1922 in
797 1882 949 1922 medio
989 1895 1106 1923 aevo
1149 1883 1237 1923 hoc
1277 1881 1514 1923 artificium

251 1972 608 2026 oppugnationis
656 1972 963 2012 adhibebatur
1009 1974 1063 2025 (v,
1102 1972 1321 2013 Bochart.
1352 1972 1514 2013 Hiero-

251 2062 360 2102 zoic.
383 2061 461 2110 III,
486 2077 524 2113 4,
546 2075 590 2115 p.
612 2064 707 2113 508.
740 2085 793 2091 ——
831 2062 1135 2115 Magerstedt.
1160 2076 1202 2115 p.
1229 2062 1313 2114 43).
1347 2086 1401 2091 -—

340 2150 516 2204 Quibus
547 2152 684 2191 rebus
716 2151 888 2199 relatis,
930 2164 1127 2191 examen
1168 2151 1320 2204 apium
1364 2152 1516 2204 prodi-

251 2241 378 2294 gium
410 2239 626 2302 militibus
665 2240 811 2280 dirum
843 2240 984 2281 fuisse
1017 2240 1186 2281 nemini
1224 2241 1386 2281 mirum
1420 2241 1516 2281 erit.

340 2330 497 2383 Atque
529 2336 704 2370 tantum
743 2330 952 2371 timorem
993 2343 1105 2383 apes
1143 2329 1424 2377 iniiciebant,
1468 2337 1516 2370 ut

251 2421 341 2460 iam
380 2421 436 2460 de
470 2420 522 2459 iis
557 2420 782 2459 somniare
821 2420 1029 2459 omnibus
1062 2427 1247 2471 praeter
1285 2420 1516 2472 agricolas

998 2488 1009 2508 ὃ
