2042 3070
721 421 1008 461 *93ss

326 537 421 579 Sed
445 539 580 578 etiam
605 539 919 579 sacerdotibus
943 539 1133 586 Dianae,
1162 538 1340 580 Cereris
1366 536 1497 587 filiae,

237 628 361 679 apud
384 611 650 681 Aegyptios
675 628 780 681 (qua
803 629 860 667 de
882 641 931 668 re
954 642 994 667 V.
1015 628 1211 669 Pausan.
1232 628 1355 676 VIII,
1384 642 1449 679 37,
1473 632 1495 669 6

238 718 420 756 secund.
435 716 659 770 Aeschyl.
677 716 839 769 fragm.
862 729 956 768 424.
973 717 1170 757 Ahrens.
1184 717 1326 758 Paris.
1342 718 1495 757 Didot.

244 804 366 857 1842)
415 818 516 844 oum
562 805 725 857 apibus
768 819 840 845 res
883 812 992 864 erat.
1066 805 1331 858 Aeschylus
1380 805 1497 845 enim

238 906 392 932 earum
410 893 472 933 ita
490 894 766 933 mentionem
784 893 914 934 facit:
941 891 1190 946 ,Εὐεραμεῖτε
1211 891 1499 946 μελισσονόμοι

238 1004 289 1007 ——
324 979 443 1032 δόμον
474 980 708 1034 Ἀρτέμιδος
734 980 865 1029 πέλας
899 979 1032 1034 οἴγειν’
1067 983 1121 1035 (v.
1151 983 1313 1035 fragm.
1340 988 1415 1033 361
1456 991 1499 1023 et

236 1070 472 1123 Aristoph.
494 1072 614 1112 Ran.
639 1086 679 1111 V.
700 1085 805 1124 1273
832 1079 875 1112 et
898 1072 1039 1124 Pape,
1063 1071 1244 1113 Grieoh.
1264 1072 1496 1114 Worterb.

238 1172 271 1199 s.
305 1158 652 1212 ,μελισσονόμοι’.)

325 1251 480 1304 Atque
513 1250 649 1291 iidem
684 1250 950 1289 sacerdotes
984 1249 1121 1289 etiam
1163 1246 1357 1300 Ἐσσῆνες
1409 1250 1500 1302 (aut

236 1341 509 1393 populorum
541 1345 620 1379 aut
651 1338 805 1391 apium
839 1337 1013 1390 ‚reges'‚
1046 1345 1095 1378 ut
1124 1352 1263 1390 supra
1288 1338 1497 1389 vidimus)

235 1430 595 1470 nominabantur.

324 1519 376 1558 Id
399 1519 521 1571 quod
544 1517 797 1557 Pausanias
820 1517 884 1556 ita
905 1517 1043 1557 tradit
1067 1517 1155 1569 (lib.
1172 1516 1297 1564 VIII,
1316 1530 1358 1569 p.
1382 1517 1499 1567 770):

321 1604 437 1655 ,Τοὺς
467 1607 518 1657 τῇ
548 1604 753 1658 Ἀρτέμιδι
789 1602 1029 1658 ἱστιάτορας
1060 1606 1111 1657 τῇ
1142 1604 1314 1657 Ἐφεσία
1340 1602 1500 1657 γινομέ-

237 1705 336 1742 νους,
366 1690 648 1746 καλουμένους,
679 1691 722 1731 δὲ
751 1689 828 1732 ὑπὸ
858 1694 942 1731 τῶν
971 1691 1152 1731 πολιτῶν
1182 1690 1407 1743 Ἐσσῆνας.“

326 1784 473 1838 Quam
515 1787 574 1826 ad
612 1799 708 1826 rem
748 1786 864 1825 haec
903 1786 1046 1825 verba
1079 1784 1287 1825 Creuzeri
1323 1783 1495 1838 (Symb.

237 1875 315 1922 IV,
341 1876 439 1927 347>
472 1875 660 1914 laudare
694 1875 925 1915 volumus:

327 1963 548 2016 ‚Konigs-
589 1965 682 2003 und
715 1964 1074 2003 Priesterwfirde
1114 1976 1267 2002 waren
1311 1977 1391 2002 aus
1430 1976 1499 2002 ur-

239 2054 353 2094 alter
392 2052 488 2092 Zeit
525 2052 702 2092 Vereint
748 2052 793 2091 in
834 2053 939 2092 dem
983 2046 1129 2105 ἄρχων
1168 2048 1364 2104 βασιλεύς,
1408 2052 1500 2090 und

239 2142 389 2182 seiner
429 2141 584 2182 Gattin
632 2142 724 2181 und
771 2141 816 2180 in
865 2142 969 2180 dem
1016 2154 1100 2180 rex
1139 2138 1418 2180 sacrificulus
1457 2139 1499 2178 in

238 2229 398 2270 Rom’.
420 2264 427 2270 .
449 2262 456 2270 .
478 2263 485 2270 .
537 2229 844 2282 Spanhemius
878 2242 986 2268 vero
1021 2229 1095 2282 (ad
1118 2228 1382 2269 Callimach.
1406 2227 1500 2267 Iov.

240 2319 308 2372 66)
339 2319 539 2359 Essaeos
569 2319 666 2358 sive
691 2318 902 2365 Essenes,
936 2319 1203 2358 sacerdotes
1226 2318 1500 2357 Iudaeorum

239 2433 293 2437 ——
327 2409 420 2462 qui,
468 2415 517 2448 ut
554 2408 771 2461 legimUS‚
811 2407 954 2447 vitam
993 2420 1154 2460 puram
1192 2406 1419 2458 gerebant
1458 2410 1502 2443 et
