<?xml version="1.0" encoding="UTF-8"?>
<!DOCTYPE html PUBLIC "-//W3C//DTD XHTML 1.0 Transitional//EN"
    "http://www.w3.org/TR/xhtml1/DTD/xhtml1-transitional.dtd">
<html xmlns="http://www.w3.org/1999/xhtml" xml:lang="en" lang="en">
 <head>
  <title>
</title>
<meta http-equiv="Content-Type" content="text/html;charset=utf-8" />
  <meta name='ocr-system' content='tesseract 3.04.00' />
  <meta name='ocr-capabilities' content='ocr_page ocr_carea ocr_par ocr_line ocrx_word'/>
</head>
<body>
  <div class='ocr_page' id='page_1' title='image "./deapiummellisqve00robeuoft_0108.png"; bbox 0 0 2042 3070; ppageno 0'>
   <div class='ocr_carea' id='block_1_1' title="bbox 931 426 1248 467">
    <p class='ocr_par' dir='ltr' id='par_1_1' title="bbox 931 426 1248 467">
     <span class='ocr_line' id='line_1_1' title="bbox 931 426 1248 467; baseline 0 -5"><span class='ocrx_word' id='word_1_1' title='bbox 931 426 1248 467; x_wconf 34' lang='lat'>*104*</span> 
     </span>
    </p>
   </div>
   <div class='ocr_carea' id='block_1_2' title="bbox 458 544 1756 2383">
    <p class='ocr_par' dir='ltr' id='par_1_2' title="bbox 458 544 1724 1220">
     <span class='ocr_line' id='line_1_2' title="bbox 550 544 1718 597; baseline 0.001 -13"><span class='ocrx_word' id='word_1_2' title='bbox 550 544 762 597; x_wconf 79' lang='lat' dir='ltr'>Plerique</span> <span class='ocrx_word' id='word_1_3' title='bbox 787 545 948 584; x_wconf 77' lang='lat' dir='ltr'>Saltem</span> <span class='ocrx_word' id='word_1_4' title='bbox 969 544 1190 584; x_wconf 88' lang='lat' dir='ltr'>rationem</span> <span class='ocrx_word' id='word_1_5' title='bbox 1217 545 1381 597; x_wconf 72' lang='lat' dir='ltr'>apibus</span> <span class='ocrx_word' id='word_1_6' title='bbox 1404 546 1718 594; x_wconf 66' lang='lat' dir='ltr'>attribuerunt.</span> 
     </span>
     <span class='ocr_line' id='line_1_3' title="bbox 459 634 1720 688; baseline 0 -14"><span class='ocrx_word' id='word_1_7' title='bbox 459 635 607 675; x_wconf 90' lang='lat' dir='ltr'>Varro</span> <span class='ocrx_word' id='word_1_8' title='bbox 651 634 768 674; x_wconf 90' lang='lat' dir='ltr'>enim</span> <span class='ocrx_word' id='word_1_9' title='bbox 802 635 859 674; x_wconf 87' lang='lat' dir='ltr'>de</span> <span class='ocrx_word' id='word_1_10' title='bbox 899 647 1038 687; x_wconf 90' lang='lat' dir='ltr'>opere</span> <span class='ocrx_word' id='word_1_11' title='bbox 1078 648 1232 674; x_wconf 89' lang='lat' dir='ltr'>earum</span> <span class='ocrx_word' id='word_1_12' title='bbox 1273 634 1428 675; x_wconf 82' lang='lat' dir='ltr'><strong>scribit</strong></span> <span class='ocrx_word' id='word_1_13' title='bbox 1461 634 1534 688; x_wconf 85' lang='lat' dir='ltr'>(R.</span> <span class='ocrx_word' id='word_1_14' title='bbox 1553 634 1612 675; x_wconf 82' lang='lat' dir='ltr'>R.</span> <span class='ocrx_word' id='word_1_15' title='bbox 1638 634 1720 683; x_wconf 92' lang='grc' dir='ltr'><strong>ΙΙΙ,</strong></span> 
     </span>
     <span class='ocr_line' id='line_1_4' title="bbox 466 722 1720 776; baseline 0 -12"><span class='ocrx_word' id='word_1_16' title='bbox 466 726 527 772; x_wconf 84' lang='lat'>16,</span> <span class='ocrx_word' id='word_1_17' title='bbox 552 723 614 776; x_wconf 75' lang='lat'>4):</span> <span class='ocrx_word' id='word_1_18' title='bbox 649 723 733 771; x_wconf 87' lang='lat' dir='ltr'>,hic</span> <span class='ocrx_word' id='word_1_19' title='bbox 765 723 880 763; x_wconf 88' lang='lat' dir='ltr'>ratio</span> <span class='ocrx_word' id='word_1_20' title='bbox 914 730 958 763; x_wconf 90' lang='lat' dir='ltr'>et</span> <span class='ocrx_word' id='word_1_21' title='bbox 992 723 1096 763; x_wconf 82' lang='lat' dir='ltr'>ars’.</span> <span class='ocrx_word' id='word_1_22' title='bbox 1161 723 1218 763; x_wconf 88' lang='lat' dir='ltr'>Et</span> <span class='ocrx_word' id='word_1_23' title='bbox 1250 722 1423 763; x_wconf 79' lang='lat' dir='ltr'>Plinius</span> <span class='ocrx_word' id='word_1_24' title='bbox 1467 724 1630 763; x_wconf 88' lang='lat' dir='ltr'>eadem</span> <span class='ocrx_word' id='word_1_25' title='bbox 1663 725 1720 764; x_wconf 91' lang='lat' dir='ltr'>de</span> 
     </span>
     <span class='ocr_line' id='line_1_5' title="bbox 458 811 1720 865; baseline 0 -13"><span class='ocrx_word' id='word_1_26' title='bbox 458 826 507 852; x_wconf 91' lang='lat' dir='ltr'>re</span> <span class='ocrx_word' id='word_1_27' title='bbox 551 812 805 865; x_wconf 89' lang='lat' dir='ltr'>interrogat</span> <span class='ocrx_word' id='word_1_28' title='bbox 847 811 913 865; x_wconf 92' lang='lat' dir='ltr'>(N.</span> <span class='ocrx_word' id='word_1_29' title='bbox 933 811 992 852; x_wconf 90' lang='lat' dir='ltr'>H.</span> <span class='ocrx_word' id='word_1_30' title='bbox 1021 811 1105 861; x_wconf 77' lang='lat' dir='ltr'>XI,</span> <span class='ocrx_word' id='word_1_31' title='bbox 1130 812 1195 865; x_wconf 80' lang='lat'>4):</span> <span class='ocrx_word' id='word_1_32' title='bbox 1253 825 1385 865; x_wconf 81' lang='lat' dir='ltr'>‚quos</span> <span class='ocrx_word' id='word_1_33' title='bbox 1432 812 1595 852; x_wconf 89' lang='lat' dir='ltr'>rationi</span> <span class='ocrx_word' id='word_1_34' title='bbox 1644 813 1720 865; x_wconf 80' lang='lat' dir='ltr'>(sc.</span> 
     </span>
     <span class='ocr_line' id='line_1_6' title="bbox 460 899 1719 954; baseline -0.002 -12"><span class='ocrx_word' id='word_1_35' title='bbox 460 900 630 952; x_wconf 85' lang='lat' dir='ltr'>tantae)</span> <span class='ocrx_word' id='word_1_36' title='bbox 668 901 846 941; x_wconf 82' lang='lat' dir='ltr'>medius</span> <span class='ocrx_word' id='word_1_37' title='bbox 893 899 1027 941; x_wconf 82' lang='lat' dir='ltr'>fidius</span> <span class='ocrx_word' id='word_1_38' title='bbox 1068 901 1190 941; x_wconf 85' lang='lat' dir='ltr'>viros</span> <span class='ocrx_word' id='word_1_39' title='bbox 1239 900 1637 954; x_wconf 81' lang='lat' dir='ltr'>(comparemus)?’</span> <span class='ocrx_word' id='word_1_40' title='bbox 1672 925 1719 928; x_wconf 85' lang='lat'>—</span> 
     </span>
     <span class='ocr_line' id='line_1_7' title="bbox 461 989 1724 1042; baseline 0.001 -13"><span class='ocrx_word' id='word_1_41' title='bbox 461 989 633 1042; x_wconf 87' lang='lat' dir='ltr'>Apium</span> <span class='ocrx_word' id='word_1_42' title='bbox 671 1002 782 1029; x_wconf 86' lang='lat' dir='ltr'>vero</span> <span class='ocrx_word' id='word_1_43' title='bbox 830 989 1179 1042; x_wconf 80' lang='lat' dir='ltr'>intelligentiam</span> <span class='ocrx_word' id='word_1_44' title='bbox 1227 990 1286 1029; x_wconf 90' lang='lat' dir='ltr'>ad</span> <span class='ocrx_word' id='word_1_45' title='bbox 1327 989 1535 1030; x_wconf 80' lang='lat' dir='ltr'>homines</span> <span class='ocrx_word' id='word_1_46' title='bbox 1577 1002 1724 1042; x_wconf 84' lang='lat' dir='ltr'>prope</span> 
     </span>
     <span class='ocr_line' id='line_1_8' title="bbox 463 1078 1724 1132; baseline 0 -14"><span class='ocrx_word' id='word_1_47' title='bbox 463 1079 686 1119; x_wconf 78' lang='lat' dir='ltr'>accedere</span> <span class='ocrx_word' id='word_1_48' title='bbox 710 1091 958 1132; x_wconf 85' lang='lat' dir='ltr'>earumque</span> <span class='ocrx_word' id='word_1_49' title='bbox 981 1092 1097 1132; x_wconf 83' lang='lat' dir='ltr'>opus</span> <span class='ocrx_word' id='word_1_50' title='bbox 1121 1078 1321 1118; x_wconf 88' lang='lat' dir='ltr'>divinum</span> <span class='ocrx_word' id='word_1_51' title='bbox 1351 1092 1466 1126; x_wconf 83' lang='lat' dir='ltr'>esse,</span> <span class='ocrx_word' id='word_1_52' title='bbox 1497 1078 1724 1132; x_wconf 79' lang='lat' dir='ltr'>Didymus</span> 
     </span>
     <span class='ocr_line' id='line_1_9' title="bbox 463 1166 1195 1220; baseline -0.003 -12"><span class='ocrx_word' id='word_1_53' title='bbox 463 1166 624 1220; x_wconf 83' lang='lat' dir='ltr'>(Geop.</span> <span class='ocrx_word' id='word_1_54' title='bbox 649 1167 756 1216; x_wconf 88' lang='lat' dir='ltr'>XV,</span> <span class='ocrx_word' id='word_1_55' title='bbox 783 1169 850 1219; x_wconf 84' lang='lat'>31)</span> <span class='ocrx_word' id='word_1_56' title='bbox 885 1167 947 1207; x_wconf 90' lang='lat' dir='ltr'>ita</span> <span class='ocrx_word' id='word_1_57' title='bbox 981 1166 1195 1207; x_wconf 85' lang='lat' dir='ltr'>affirmat:</span> 
     </span>
    </p>

    <p class='ocr_par' dir='ltr' id='par_1_3' title="bbox 460 1259 1728 1577">
     <span class='ocr_line' id='line_1_10' title="bbox 547 1259 1728 1317; baseline -0.001 -14"><span class='ocrx_word' id='word_1_58' title='bbox 547 1262 610 1313; x_wconf 74' lang='grc' dir='ltr'>,Ἡ</span> <span class='ocrx_word' id='word_1_59' title='bbox 629 1262 809 1317; x_wconf 75' lang='grc' dir='ltr'>μέλιττα</span> <span class='ocrx_word' id='word_1_60' title='bbox 835 1260 1002 1305; x_wconf 68' lang='grc' dir='ltr'>πάντων</span> <span class='ocrx_word' id='word_1_61' title='bbox 1027 1265 1112 1303; x_wconf 77' lang='grc' dir='ltr'>τῶν</span> <span class='ocrx_word' id='word_1_62' title='bbox 1140 1262 1294 1303; x_wconf 78' lang='grc' dir='ltr'>λοιπῶν</span> <span class='ocrx_word' id='word_1_63' title='bbox 1316 1259 1437 1317; x_wconf 72' lang='grc' dir='ltr'>ζώων</span> <span class='ocrx_word' id='word_1_64' title='bbox 1468 1259 1558 1302; x_wconf 73' lang='grc' dir='ltr'>ἐστι</span> <span class='ocrx_word' id='word_1_65' title='bbox 1588 1275 1728 1316; x_wconf 69' lang='grc' dir='ltr'>σοφω-</span> 
     </span>
     <span class='ocr_line' id='line_1_11' title="bbox 463 1344 1727 1405; baseline -0.002 -15"><span class='ocrx_word' id='word_1_66' title='bbox 463 1347 575 1404; x_wconf 77' lang='grc' dir='ltr'>τάτη</span> <span class='ocrx_word' id='word_1_67' title='bbox 597 1350 672 1391; x_wconf 76' lang='grc' dir='ltr'>καὶ</span> <span class='ocrx_word' id='word_1_68' title='bbox 687 1347 1043 1405; x_wconf 67' lang='grc' dir='ltr'>εὐμηχανυπατη,</span> <span class='ocrx_word' id='word_1_69' title='bbox 1063 1347 1138 1389; x_wconf 69' lang='grc' dir='ltr'>καὶ</span> <span class='ocrx_word' id='word_1_70' title='bbox 1155 1347 1360 1402; x_wconf 66' lang='grc' dir='ltr'>σύνεγγυς</span> <span class='ocrx_word' id='word_1_71' title='bbox 1377 1344 1591 1402; x_wconf 70' lang='grc' dir='ltr'>ἀνθρυ’)πῳ</span> <span class='ocrx_word' id='word_1_72' title='bbox 1607 1344 1727 1388; x_wconf 77' lang='grc' dir='ltr'>κατὰ</span> 
     </span>
     <span class='ocr_line' id='line_1_12' title="bbox 460 1433 1728 1491; baseline -0.002 -13"><span class='ocrx_word' id='word_1_73' title='bbox 460 1436 514 1478; x_wconf 77' lang='grc' dir='ltr'>τὸ</span> <span class='ocrx_word' id='word_1_74' title='bbox 534 1435 718 1478; x_wconf 71' lang='grc' dir='ltr'>συνετόν·</span> <span class='ocrx_word' id='word_1_75' title='bbox 748 1435 823 1477; x_wconf 84' lang='grc' dir='ltr'>καὶ</span> <span class='ocrx_word' id='word_1_76' title='bbox 842 1435 891 1478; x_wconf 73' lang='grc' dir='ltr'>τὸ</span> <span class='ocrx_word' id='word_1_77' title='bbox 919 1433 1226 1491; x_wconf 62' lang='grc' dir='ltr'>κατασιευαζὲ</span> <span class='ocrx_word' id='word_1_78' title='bbox 1262 1448 1347 1476; x_wconf 79' lang='grc' dir='ltr'>ενον</span> <span class='ocrx_word' id='word_1_79' title='bbox 1368 1433 1431 1475; x_wconf 76' lang='grc' dir='ltr'>ὑπ’</span> <span class='ocrx_word' id='word_1_80' title='bbox 1456 1434 1587 1489; x_wconf 68' lang='grc' dir='ltr'>αὐτῆς</span> <span class='ocrx_word' id='word_1_81' title='bbox 1614 1434 1728 1476; x_wconf 73' lang='grc' dir='ltr'>θεῖον</span> 
     </span>
     <span class='ocr_line' id='line_1_13' title="bbox 467 1516 1655 1577; baseline -0.002 -14"><span class='ocrx_word' id='word_1_82' title='bbox 467 1520 588 1573; x_wconf 78' lang='grc' dir='ltr'>ἐστιν,</span> <span class='ocrx_word' id='word_1_83' title='bbox 620 1521 676 1574; x_wconf 70' lang='grc' dir='ltr'>ὡς</span> <span class='ocrx_word' id='word_1_84' title='bbox 706 1519 904 1577; x_wconf 70' lang='grc' dir='ltr'>ἀληθῶς,</span> <span class='ocrx_word' id='word_1_85' title='bbox 934 1521 1009 1563; x_wconf 76' lang='grc' dir='ltr'>καὶ</span> <span class='ocrx_word' id='word_1_86' title='bbox 1037 1521 1367 1577; x_wconf 72' lang='grc' dir='ltr'>χρησιμώτατον</span> <span class='ocrx_word' id='word_1_87' title='bbox 1398 1516 1655 1576; x_wconf 58' lang='grc' dir='ltr'>ἀνθρώποις]</span> 
     </span>
    </p>

    <p class='ocr_par' dir='ltr' id='par_1_4' title="bbox 556 1609 1727 1664">
     <span class='ocr_line' id='line_1_14' title="bbox 556 1609 1727 1664; baseline -0.004 -11"><span class='ocrx_word' id='word_1_88' title='bbox 556 1613 629 1653; x_wconf 90' lang='lat' dir='ltr'>Ac</span> <span class='ocrx_word' id='word_1_89' title='bbox 661 1613 934 1652; x_wconf 82' lang='lat' dir='ltr'>Plutarchus</span> <span class='ocrx_word' id='word_1_90' title='bbox 969 1611 1025 1664; x_wconf 86' lang='lat' dir='ltr'>(d.</span> <span class='ocrx_word' id='word_1_91' title='bbox 1051 1623 1188 1651; x_wconf 88' lang='lat' dir='ltr'>amor.</span> <span class='ocrx_word' id='word_1_92' title='bbox 1211 1610 1313 1663; x_wconf 89' lang='lat' dir='ltr'>prol</span> <span class='ocrx_word' id='word_1_93' title='bbox 1348 1623 1391 1662; x_wconf 90' lang='lat' dir='ltr'>p.</span> <span class='ocrx_word' id='word_1_94' title='bbox 1416 1609 1513 1661; x_wconf 70' lang='lat'>494)</span> <span class='ocrx_word' id='word_1_95' title='bbox 1552 1616 1727 1649; x_wconf 88' lang='lat' dir='ltr'>narrat:</span> 
     </span>
    </p>

    <p class='ocr_par' dir='ltr' id='par_1_5' title="bbox 468 1695 1756 2106">
     <span class='ocr_line' id='line_1_15' title="bbox 551 1695 1728 1753; baseline -0.003 -13"><span class='ocrx_word' id='word_1_96' title='bbox 551 1732 579 1747; x_wconf 77' lang='grc'>,.</span> <span class='ocrx_word' id='word_1_97' title='bbox 597 1733 603 1740; x_wconf 94' lang='grc'>.</span> <span class='ocrx_word' id='word_1_98' title='bbox 622 1733 629 1740; x_wconf 95' lang='grc'><em>.</em></span> <span class='ocrx_word' id='word_1_99' title='bbox 647 1732 654 1740; x_wconf 94' lang='grc'>.</span> <span class='ocrx_word' id='word_1_100' title='bbox 671 1697 747 1753; x_wconf 75' lang='grc' dir='ltr'>τὴν</span> <span class='ocrx_word' id='word_1_101' title='bbox 769 1698 971 1752; x_wconf 76' lang='grc' dir='ltr'>μέλιτταν</span> <span class='ocrx_word' id='word_1_102' title='bbox 992 1695 1106 1752; x_wconf 69' lang='grc' dir='ltr'>’ἡμεῖς</span> <span class='ocrx_word' id='word_1_103' title='bbox 1127 1696 1260 1752; x_wconf 74' lang='grc' dir='ltr'>σοφὴν</span> <span class='ocrx_word' id='word_1_104' title='bbox 1284 1697 1495 1750; x_wconf 77' lang='grc' dir='ltr'>καλοῦμεν</span> <span class='ocrx_word' id='word_1_105' title='bbox 1520 1695 1595 1737; x_wconf 79' lang='grc' dir='ltr'>καί</span> <span class='ocrx_word' id='word_1_106' title='bbox 1621 1696 1728 1751; x_wconf 79' lang='grc' dir='ltr'>νομί-</span> 
     </span>
     <span class='ocr_line' id='line_1_16' title="bbox 468 1783 1728 1842; baseline -0.002 -15"><span class='ocrx_word' id='word_1_107' title='bbox 468 1784 590 1842; x_wconf 73' lang='grc' dir='ltr'>ζομεν</span> <span class='ocrx_word' id='word_1_108' title='bbox 621 1784 777 1842; x_wconf 70' lang='grc' dir='ltr'>ξανθὸν</span> <span class='ocrx_word' id='word_1_109' title='bbox 813 1784 903 1839; x_wconf 70' lang='grc' dir='ltr'>μέλε</span> <span class='ocrx_word' id='word_1_110' title='bbox 936 1783 1191 1839; x_wconf 71' lang='grc' dir='ltr'>μηδομέναν.’</span> <span class='ocrx_word' id='word_1_111' title='bbox 1253 1784 1468 1826; x_wconf 83' lang='lat' dir='ltr'>Similiter</span> <span class='ocrx_word' id='word_1_112' title='bbox 1499 1785 1728 1825; x_wconf 79' lang='lat' dir='ltr'>Lucianus</span> 
     </span>
     <span class='ocr_line' id='line_1_17' title="bbox 469 1869 1756 1927; baseline -0.001 -14"><span class='ocrx_word' id='word_1_113' title='bbox 469 1874 708 1927; x_wconf 87' lang='lat' dir='ltr'>(Halcyon.</span> <span class='ocrx_word' id='word_1_114' title='bbox 735 1873 797 1926; x_wconf 85' lang='lat'>7):</span> <span class='ocrx_word' id='word_1_115' title='bbox 830 1871 1056 1921; x_wconf 73' lang='grc' dir='ltr'>,Μέλιτταν</span> <span class='ocrx_word' id='word_1_116' title='bbox 1079 1870 1211 1926; x_wconf 71' lang='grc' dir='ltr'>σοφὴν</span> <span class='ocrx_word' id='word_1_117' title='bbox 1231 1871 1350 1913; x_wconf 74' lang='grc' dir='ltr'>θείου</span> <span class='ocrx_word' id='word_1_118' title='bbox 1371 1871 1536 1926; x_wconf 65' lang='grc' dir='ltr'>μέλιτος</span> <span class='ocrx_word' id='word_1_119' title='bbox 1560 1869 1756 1926; x_wconf 49' lang='grc' dir='ltr'>ἐργάτιν*</span> 
     </span>
     <span class='ocr_line' id='line_1_18' title="bbox 470 1957 1753 2018; baseline 0 -15"><span class='ocrx_word' id='word_1_120' title='bbox 470 1963 545 2016; x_wconf 79' lang='lat' dir='ltr'>(sc.</span> <span class='ocrx_word' id='word_1_121' title='bbox 579 1957 606 2014; x_wconf 82' lang='grc' dir='ltr'>ἡ</span> <span class='ocrx_word' id='word_1_122' title='bbox 636 1959 755 2015; x_wconf 69' lang='grc' dir='ltr'>φύσις</span> <span class='ocrx_word' id='word_1_123' title='bbox 785 1957 998 2018; x_wconf 73' lang='grc' dir='ltr'>ἁπέέειξε)’</span> <span class='ocrx_word' id='word_1_124' title='bbox 1032 1965 1087 2016; x_wconf 79' lang='lat' dir='ltr'>(v.</span> <span class='ocrx_word' id='word_1_125' title='bbox 1112 1963 1207 2005; x_wconf 75' lang='lat' dir='ltr'>sim.</span> <span class='ocrx_word' id='word_1_126' title='bbox 1233 1963 1535 2017; x_wconf 84' lang='lat' dir='ltr'>ap.Nonnum</span> <span class='ocrx_word' id='word_1_127' title='bbox 1557 1962 1753 2016; x_wconf 29' lang='lat' dir='ltr'>Diony--</span> 
     </span>
     <span class='ocr_line' id='line_1_19' title="bbox 470 2052 888 2106; baseline -0.002 -12"><span class='ocrx_word' id='word_1_128' title='bbox 470 2052 576 2094; x_wconf 85' lang='lat' dir='ltr'>siac.</span> <span class='ocrx_word' id='word_1_129' title='bbox 598 2053 674 2093; x_wconf 90' lang='lat' dir='ltr'>lib.</span> <span class='ocrx_word' id='word_1_130' title='bbox 697 2053 753 2101; x_wconf 91' lang='lat' dir='ltr'>V,</span> <span class='ocrx_word' id='word_1_131' title='bbox 780 2067 828 2104; x_wconf 80' lang='lat'>23</span> <span class='ocrx_word' id='word_1_132' title='bbox 839 2052 888 2106; x_wconf 90' lang='lat'>2).</span> 
     </span>
    </p>

    <p class='ocr_par' dir='ltr' id='par_1_6' title="bbox 470 2149 1730 2383">
     <span class='ocr_line' id='line_1_20' title="bbox 559 2149 1728 2204; baseline -0.003 -12"><span class='ocrx_word' id='word_1_133' title='bbox 559 2150 677 2204; x_wconf 76' lang='lat' dir='ltr'>Quin</span> <span class='ocrx_word' id='word_1_134' title='bbox 717 2150 894 2200; x_wconf 82' lang='lat' dir='ltr'>Celsus,</span> <span class='ocrx_word' id='word_1_135' title='bbox 931 2150 1184 2204; x_wconf 82' lang='lat' dir='ltr'>Epicureus</span> <span class='ocrx_word' id='word_1_136' title='bbox 1224 2150 1298 2190; x_wconf 89' lang='lat' dir='ltr'>ille</span> <span class='ocrx_word' id='word_1_137' title='bbox 1339 2150 1526 2190; x_wconf 78' lang='lat' dir='ltr'>secundi</span> <span class='ocrx_word' id='word_1_138' title='bbox 1559 2163 1602 2203; x_wconf 89' lang='lat' dir='ltr'>p.</span> <span class='ocrx_word' id='word_1_139' title='bbox 1627 2149 1728 2190; x_wconf 90' lang='lat' dir='ltr'>Chr.</span> 
     </span>
     <span class='ocr_line' id='line_1_21' title="bbox 470 2238 1729 2293; baseline -0.002 -13"><span class='ocrx_word' id='word_1_140' title='bbox 470 2254 512 2282; x_wconf 90' lang='lat' dir='ltr'>n.</span> <span class='ocrx_word' id='word_1_141' title='bbox 567 2240 759 2288; x_wconf 80' lang='lat' dir='ltr'>saeculi,</span> <span class='ocrx_word' id='word_1_142' title='bbox 819 2241 876 2280; x_wconf 89' lang='lat' dir='ltr'>ab</span> <span class='ocrx_word' id='word_1_143' title='bbox 931 2238 1120 2293; x_wconf 85' lang='lat' dir='ltr'>Origine</span> <span class='ocrx_word' id='word_1_144' title='bbox 1185 2238 1340 2291; x_wconf 89' lang='lat' dir='ltr'>(contr.</span> <span class='ocrx_word' id='word_1_145' title='bbox 1386 2238 1502 2280; x_wconf 79' lang='lat' dir='ltr'>Cels.</span> <span class='ocrx_word' id='word_1_146' title='bbox 1548 2238 1644 2286; x_wconf 86' lang='lat' dir='ltr'>IX,</span> <span class='ocrx_word' id='word_1_147' title='bbox 1690 2238 1729 2290; x_wconf 76' lang='lat'>4)</span> 
     </span>
     <span class='ocr_line' id='line_1_22' title="bbox 471 2327 1730 2383; baseline -0.002 -13"><span class='ocrx_word' id='word_1_148' title='bbox 471 2335 660 2383; x_wconf 88' lang='lat' dir='ltr'>propter</span> <span class='ocrx_word' id='word_1_149' title='bbox 706 2330 825 2369; x_wconf 88' lang='lat' dir='ltr'>hanc</span> <span class='ocrx_word' id='word_1_150' title='bbox 874 2342 1059 2369; x_wconf 80' lang='lat' dir='ltr'>causam</span> <span class='ocrx_word' id='word_1_151' title='bbox 1108 2329 1275 2369; x_wconf 83' lang='lat' dir='ltr'>acerbe</span> <span class='ocrx_word' id='word_1_152' title='bbox 1318 2327 1602 2380; x_wconf 68' lang='lat' dir='ltr'>vituperatus</span> <span class='ocrx_word' id='word_1_153' title='bbox 1650 2334 1730 2375; x_wconf 82' lang='lat' dir='ltr'>est,</span> 
     </span>
    </p>
   </div>
   <div class='ocr_carea' id='block_1_3' title="bbox 475 2417 1731 2471">
    <p class='ocr_par' dir='ltr' id='par_1_7' title="bbox 475 2417 1731 2471">
     <span class='ocr_line' id='line_1_23' title="bbox 475 2417 1731 2471; baseline -0.002 -13"><span class='ocrx_word' id='word_1_154' title='bbox 475 2420 594 2471; x_wconf 88' lang='lat' dir='ltr'>quod</span> <span class='ocrx_word' id='word_1_155' title='bbox 630 2417 979 2471; x_wconf 85' lang='lat' dir='ltr'>intelligentiam</span> <span class='ocrx_word' id='word_1_156' title='bbox 1012 2417 1166 2470; x_wconf 91' lang='lat' dir='ltr'>apium</span> <span class='ocrx_word' id='word_1_157' title='bbox 1199 2430 1301 2457; x_wconf 90' lang='lat' dir='ltr'>cum</span> <span class='ocrx_word' id='word_1_158' title='bbox 1333 2417 1532 2456; x_wconf 89' lang='lat' dir='ltr'>humana</span> <span class='ocrx_word' id='word_1_159' title='bbox 1564 2428 1731 2468; x_wconf 89' lang='lat' dir='ltr'>aequa-</span> 
     </span>
    </p>
   </div>
  </div>
 </body>
</html>
