2042 3070
577 438 894 477 &1574-

37 577 41 582 ·
101 555 248 595 mellis
282 556 526 608 apiumque
560 556 650 595 mel
682 555 734 595 iis
757 568 938 608 quoque
962 555 1142 595 videtur
1175 555 1363 595 libatum

102 657 218 684 esse.
266 645 384 686 Nam
413 643 647 697 Vergilius
679 644 796 684 haec
829 643 951 684 canit
984 643 1116 696 (Aen.
1140 643 1219 691 IV,
1244 642 1363 695 483):

662 764 784 773 .....
806 732 1054 780 ,sacerdos,

161 821 472 874 Hesperidum
495 821 654 874 templi
678 828 830 861 custos
852 821 1104 873 epulasque
1130 820 1327 867 draconi,

161 909 291 963 Quae
311 912 451 951 dabat
469 917 514 951 et
532 924 687 951 sacros
710 911 925 951 servabat
947 910 991 950 in
1014 910 1177 950 arbore
1199 923 1362 957 ramos

161 997 400 1053 Spargens
454 999 608 1039 umida
654 999 790 1039 mella
847 998 1238 1052 soporiferumque
1286 1012 1365 1051 pa-

982 1089 1151 1140 paver.'

102 1185 237 1227 Certe
285 1184 358 1225 hic
406 1185 591 1237 quidem
638 1198 798 1225 versus
851 1198 983 1225 sacra
1029 1184 1364 1237 Hesperidibus

101 1273 318 1327 nymphis
347 1272 470 1314 facta
491 1273 719 1314 describit.
766 1273 929 1326 Neque
963 1273 1081 1313 enim
1106 1274 1362 1321 draconem,

103 1363 340 1403 custodem
380 1375 621 1414 pomorum
668 1375 850 1414 semper
889 1361 1097 1415 vigilem,
1147 1364 1364 1403 sacerdos

102 1451 235 1491 melle
283 1457 328 1491 et
373 1464 628 1503 papavere,
676 1451 1023 1492 medicamentis
1062 1465 1181 1504 quae
1223 1476 1275 1480 -
1316 1460 1364 1492 ut

66 1570 72 1573 -
104 1554 242 1594 supra
260 1539 431 1581 dictum
453 1564 510 1568 —
533 1553 740 1580 somnum
763 1538 971 1588 afferunt,
995 1554 1188 1593 pascere
1206 1540 1364 1594 potuit.

191 1628 444 1669 Pausanias
462 1641 572 1669 vero
595 1629 652 1668 de
676 1629 830 1677 sacris,
853 1642 972 1682 quae
986 1629 1213 1682 Nymphis
1235 1628 1366 1669 libari

103 1732 192 1759 non
223 1717 293 1758 fas
326 1723 461 1764 esset,
493 1718 611 1757 haec
642 1717 780 1758 tradit
813 1717 883 1771 (V,
917 1732 960 1771 p.
986 1717 1108 1771 316):

187 1804 341 1859 ,μόναις
371 1803 415 1845 δὲ
443 1806 536 1854 ταῖς
566 1803 762 1859 Νύμφαις
796 1803 843 1846 οὒ
873 1803 1103 1861 νομίζουσιν
1143 1803 1244 1846 οἶνον
1274 1803 1366 1845 οὐδὲ

103 1894 197 1943 ταῖς,
226 1889 462 1941 Δεσποίναις
492 1889 673 1932 σπένδειν
700 1890 793 1932 οὐδὲ
822 1888 886 1932 ἐπὶ
914 1893 976 1945 τῷ
1003 1890 1131 1947 βωμῷ
1158 1892 1220 1945 τῷ
1246 1891 1369 1943 κοινῷ

104 1976 269 2020 πάντων
298 1977 434 2018 θεῶν]

187 2063 402 2106 Δέσποιναι
464 2073 615 2109 autem
669 2067 837 2116 Diana,
892 2067 1086 2122 Cybele,
1143 2067 1365 2114 Minerva,

104 2157 382 2210 Proserpina
421 2157 791 2210 appellabantur,
831 2163 881 2196 ut
912 2156 1085 2209 Papius
1124 2155 1207 2209 (gr.
1229 2155 1364 2196 Wor-

106 2247 219 2286 terb.
254 2259 286 2287 s.
312 2246 368 2298 v.)
410 2247 558 2287 docet.
623 2244 716 2286 Sed
758 2259 859 2286 cum
892 2258 1120 2298 persaepe
1167 2244 1255 2284 illis
1288 2245 1364 2283 de-

106 2336 220 2375 abus
259 2333 410 2375 vinum
448 2335 684 2383 libaretur,
722 2335 810 2374 hoc
846 2335 949 2374 loco
981 2333 1164 2381 Furiae,
1203 2332 1366 2386 quibus

107 2423 259 2463 vinum
290 2435 521 2476 nunquam
550 2422 836 2470 fundebatur,
868 2422 1079 2462 videntur
1106 2422 1365 2462 nominatae
