2042 3070
971 419 1142 458 -321-10
1191 436 1260 453 ΑΕ,

481 538 625 578 mellis
659 552 760 584 usu,
802 538 885 577 sed
919 537 1073 584 etiam,
1114 543 1162 576 ut
1194 537 1309 576 infra
1347 536 1477 591 nobis
1511 536 1746 589 explican-

481 628 587 667 dum
628 627 729 674 erit,
770 639 829 666 ex
861 626 1074 666 Patroclo
1115 632 1292 666 mortuo
1333 627 1456 679 apud
1494 626 1746 667 Homerum

481 716 615 755 melle
650 722 923 755 conservato
955 713 1073 754 effici
1107 714 1304 767 cogique
1328 720 1495 767 potest,
1529 728 1620 755 non
1653 729 1746 755 om—

479 804 553 844 nia
591 805 707 844 haec
749 804 886 843 mella
926 803 1172 851 silvestria,
1213 803 1293 843 sed
1334 803 1484 856 potius
1518 804 1633 844 alvis
1667 818 1746 844 ex-

481 898 637 946 empta
669 891 821 932 fuisse.

567 985 712 1025 Multo
761 984 904 1024 serius
953 984 1033 1037 (AO
1068 983 1272 1025 DXCIV
1310 999 1348 1026 a.
1380 984 1484 1026 Chr.
1514 986 1572 1038 n.)
1621 992 1749 1026 tanta

481 1081 579 1114 erat
603 1074 757 1127 apium
781 1074 957 1114 cultura
987 1074 1031 1113 in
1053 1072 1262 1121 Graecia,
1297 1080 1345 1114 ut
1378 1075 1575 1128 sapienti
1607 1075 1746 1128 legis-

480 1163 612 1202 latori
636 1162 826 1202 consilia
850 1163 1076 1216 capienda
1099 1169 1263 1211 essent,
1297 1157 1354 1203 ne
1385 1163 1592 1204 mellaria
1613 1164 1746 1204 nimis

483 1253 623 1291 dense
658 1251 775 1290 inter
808 1264 857 1290 se
891 1257 1180 1304 ponerentur.
1236 1252 1353 1292 Nam
1377 1252 1654 1293 Plutarchus
1687 1253 1749 1294 ait

482 1340 650 1393 (Solon.
675 1341 762 1391 24):
787 1370 816 1386 ‚.
833 1370 840 1378 .
857 1370 864 1378 .
882 1370 889 1377 .
906 1338 1049 1379 Σόλων
1067 1335 1265 1379 ἐκέλευσε
1282 1372 1288 1379 .
1305 1340 1591 1393 ..μελισσῶν
1612 1339 1748 1395 σμήνη

477 1425 795 1481 καθιστάμενον
827 1425 998 1484 ἀπέχειν
1030 1432 1115 1469 τῶν
1150 1428 1217 1484 ὑφ’
1252 1427 1392 1484 ἑτέρου
1421 1429 1615 1485 πμοτερον
1644 1430 1748 1485 ἰδρυ-

478 1514 609 1568 μὲν(τ)ν
630 1514 759 1565 πόδας,
781 1515 1065 1569 τριακοσίους.
1111 1518 1240 1571 Quae
1263 1518 1342 1558 lex
1370 1518 1516 1558 mellis
1547 1519 1749 1571 augendi

480 1622 620 1648 causa
659 1609 767 1648 data
809 1615 898 1656 est,
943 1616 1133 1661 propter
1181 1608 1304 1660 quod
1352 1608 1602 1660 praecipue
1649 1607 1749 1660 apis

480 1698 600 1738 culta
632 1706 740 1738 erat.
805 1697 961 1745 ,Mella
992 1694 1290 1744 contrahunt’,
1324 1703 1372 1736 ut
1396 1696 1570 1736 Plinius
1604 1696 1671 1749 (N.
1690 1696 1747 1736 H.

480 1787 566 1836 XI,
593 1787 632 1838 4)
668 1788 724 1826 de
754 1786 917 1838 apibus
942 1786 1016 1834 ait,
1051 1799 1314 1838 ‚sucumque
1349 1785 1662 1825 dulcissimum
1695 1799 1749 1826 ac

479 1876 838 1916 saluberrimum.
894 1875 1047 1915 Favos
1071 1874 1339 1927 confingunt
1372 1883 1417 1915 et
1450 1888 1593 1926 ceras,
1628 1873 1749 1914 mille

478 1966 537 2005 ad
576 1979 685 2005 usus
726 1965 866 2013 vitae,
916 1978 1058 2017 opera
1103 1962 1369 2012 conficiunt,
1416 1963 1771 2019 rempublicam*

480 2055 663 2094 habent.
735 2053 935 2094 Consilia
983 2053 1197 2106 privatim
1239 2066 1292 2092 ac
1332 2054 1474 2093 duces
1515 2053 1750 2106 gregatim

480 2150 524 2182 et
547 2144 670 2195 quod
701 2143 900 2183 maxime
930 2143 1091 2182 mirum
1127 2143 1195 2190 sit,
1229 2156 1379 2182 mores
1412 2141 1609 2182 habent'.
1659 2141 1748 2181 Ibi-

480 2233 583 2271 dem
618 2231 807 2279 Plinius,
855 2238 904 2272 ut
943 2233 1017 2272 alii
1059 2233 1306 2284 scriptores
1350 2232 1415 2272 rei
1448 2231 1663 2279 rusticae,
1705 2232 1748 2271 in

480 2321 679 2360 moribus
713 2328 758 2361 et
789 2322 885 2361 vita
925 2322 1079 2374 apium
1119 2322 1259 2374 longe
1294 2321 1478 2374 lateque
1520 2334 1568 2360 se
1601 2320 1749 2360 fundit

481 2423 534 2449 ac
574 2424 709 2463 porro
751 2411 902 2464 (XXI,
934 2411 1020 2463 47),
1070 2411 1298 2463 quomodo
1355 2424 1510 2450 earum
1558 2417 1748 2449 naturae
