<?xml version="1.0" encoding="UTF-8"?>
<!DOCTYPE html PUBLIC "-//W3C//DTD XHTML 1.0 Transitional//EN"
    "http://www.w3.org/TR/xhtml1/DTD/xhtml1-transitional.dtd">
<html xmlns="http://www.w3.org/1999/xhtml" xml:lang="en" lang="en">
 <head>
  <title>
</title>
<meta http-equiv="Content-Type" content="text/html;charset=utf-8" />
  <meta name='ocr-system' content='tesseract 3.04.00' />
  <meta name='ocr-capabilities' content='ocr_page ocr_carea ocr_par ocr_line ocrx_word'/>
</head>
<body>
  <div class='ocr_page' id='page_1' title='image "./deapiummellisqve00robeuoft_0063.png"; bbox 0 0 2042 3070; ppageno 0'>
   <div class='ocr_carea' id='block_1_1' title="bbox 746 432 1030 472">
    <p class='ocr_par' dir='ltr' id='par_1_1' title="bbox 746 432 1030 472">
     <span class='ocr_line' id='line_1_1' title="bbox 746 432 1030 472; baseline -0.004 -5"><span class='ocrx_word' id='word_1_1' title='bbox 746 432 1030 472; x_wconf 34' lang='grc' dir='ltr'>ψῦθμ,μ</span> 
     </span>
    </p>
   </div>
   <div class='ocr_carea' id='block_1_2' title="bbox 251 549 1517 2391">
    <p class='ocr_par' dir='ltr' id='par_1_2' title="bbox 253 549 1516 1140">
     <span class='ocr_line' id='line_1_2' title="bbox 609 549 1366 602; baseline -0.005 -11"><span class='ocrx_word' id='word_1_2' title='bbox 609 582 731 598; x_wconf 89' lang='grc'><strong>.....</strong></span> <span class='ocrx_word' id='word_1_3' title='bbox 742 550 868 590; x_wconf 85' lang='lat' dir='ltr'>Tune</span> <span class='ocrx_word' id='word_1_4' title='bbox 901 550 1005 589; x_wconf 82' lang='lat' dir='ltr'>anni</span> <span class='ocrx_word' id='word_1_5' title='bbox 1039 549 1172 602; x_wconf 79' lang='lat' dir='ltr'>signa</span> <span class='ocrx_word' id='word_1_6' title='bbox 1205 549 1366 602; x_wconf 78' lang='lat' dir='ltr'>prioris</span> 
     </span>
     <span class='ocr_line' id='line_1_3' title="bbox 315 637 1455 694; baseline -0.005 -12"><span class='ocrx_word' id='word_1_7' title='bbox 315 642 373 683; x_wconf 88' lang='lat' dir='ltr'>Et</span> <span class='ocrx_word' id='word_1_8' title='bbox 406 642 442 681; x_wconf 74' lang='lat' dir='ltr'>si</span> <span class='ocrx_word' id='word_1_9' title='bbox 476 642 599 694; x_wconf 86' lang='lat' dir='ltr'>quod</span> <span class='ocrx_word' id='word_1_10' title='bbox 631 639 827 680; x_wconf 81' lang='lat' dir='ltr'>fortasse</span> <span class='ocrx_word' id='word_1_11' title='bbox 861 639 989 691; x_wconf 80' lang='lat' dir='ltr'>quies</span> <span class='ocrx_word' id='word_1_12' title='bbox 1021 637 1279 691; x_wconf 76' lang='lat' dir='ltr'>neglexerit</span> <span class='ocrx_word' id='word_1_13' title='bbox 1311 649 1455 684; x_wconf 88' lang='lat' dir='ltr'>omen,</span> 
     </span>
     <span class='ocr_line' id='line_1_4' title="bbox 314 726 1456 781; baseline -0.003 -10"><span class='ocrx_word' id='word_1_14' title='bbox 314 730 459 771; x_wconf 76' lang='lat' dir='ltr'>Addit</span> <span class='ocrx_word' id='word_1_15' title='bbox 488 743 596 770; x_wconf 88' lang='lat' dir='ltr'>cura</span> <span class='ocrx_word' id='word_1_16' title='bbox 623 728 779 769; x_wconf 80' lang='lat' dir='ltr'>novis:</span> <span class='ocrx_word' id='word_1_17' title='bbox 812 727 1046 781; x_wconf 75' lang='lat' dir='ltr'>lapidosus</span> <span class='ocrx_word' id='word_1_18' title='bbox 1069 726 1306 780; x_wconf 79' lang='lat' dir='ltr'>grandinis</span> <span class='ocrx_word' id='word_1_19' title='bbox 1329 727 1456 775; x_wconf 79' lang='lat' dir='ltr'>ictus,</span> 
     </span>
     <span class='ocr_line' id='line_1_5' title="bbox 312 815 1094 872; baseline -0.003 -13"><span class='ocrx_word' id='word_1_20' title='bbox 312 819 589 872; x_wconf 75' lang='lat' dir='ltr'>Molitasque</span> <span class='ocrx_word' id='word_1_21' title='bbox 623 830 818 859; x_wconf 78' lang='lat' dir='ltr'>examen</span> <span class='ocrx_word' id='word_1_22' title='bbox 852 815 983 870; x_wconf 80' lang='lat' dir='ltr'>apes’</span> <span class='ocrx_word' id='word_1_23' title='bbox 1002 849 1009 857; x_wconf 92' lang='lat'><strong><em>.</em></strong></span> <span class='ocrx_word' id='word_1_24' title='bbox 1031 849 1038 858; x_wconf 91' lang='lat'><strong>.</strong></span> <span class='ocrx_word' id='word_1_25' title='bbox 1058 849 1065 858; x_wconf 92' lang='lat'><strong>.</strong></span> <span class='ocrx_word' id='word_1_26' title='bbox 1087 849 1094 858; x_wconf 91' lang='lat'>.</span> 
     </span>
     <span class='ocr_line' id='line_1_6' title="bbox 254 906 1516 962; baseline -0.002 -13"><span class='ocrx_word' id='word_1_27' title='bbox 254 909 337 949; x_wconf 87' lang='lat' dir='ltr'>Ille</span> <span class='ocrx_word' id='word_1_28' title='bbox 362 908 548 962; x_wconf 88' lang='lat' dir='ltr'>quidem</span> <span class='ocrx_word' id='word_1_29' title='bbox 577 907 697 955; x_wconf 80' lang='lat' dir='ltr'>vicit,</span> <span class='ocrx_word' id='word_1_30' title='bbox 732 908 826 955; x_wconf 80' lang='lat' dir='ltr'>sed,</span> <span class='ocrx_word' id='word_1_31' title='bbox 858 914 907 947; x_wconf 86' lang='lat' dir='ltr'>ut</span> <span class='ocrx_word' id='word_1_32' title='bbox 928 906 1106 947; x_wconf 76' lang='lat' dir='ltr'>Drusus</span> <span class='ocrx_word' id='word_1_33' title='bbox 1139 906 1183 946; x_wconf 91' lang='lat' dir='ltr'>in</span> <span class='ocrx_word' id='word_1_34' title='bbox 1205 919 1365 959; x_wconf 83' lang='lat' dir='ltr'>pugna</span> <span class='ocrx_word' id='word_1_35' title='bbox 1392 906 1516 959; x_wconf 87' lang='lat' dir='ltr'>apud</span> 
     </span>
     <span class='ocr_line' id='line_1_7' title="bbox 253 995 1515 1048; baseline -0.002 -10"><span class='ocrx_word' id='word_1_36' title='bbox 253 998 537 1038; x_wconf 77' lang='lat' dir='ltr'>Arbalonem</span> <span class='ocrx_word' id='word_1_37' title='bbox 585 996 846 1044; x_wconf 81' lang='lat' dir='ltr'>commissa,</span> <span class='ocrx_word' id='word_1_38' title='bbox 894 997 1117 1036; x_wconf 81' lang='lat' dir='ltr'>adversus</span> <span class='ocrx_word' id='word_1_39' title='bbox 1159 996 1327 1036; x_wconf 89' lang='lat' dir='ltr'>malum</span> <span class='ocrx_word' id='word_1_40' title='bbox 1364 995 1515 1048; x_wconf 87' lang='lat' dir='ltr'>prodi-</span> 
     </span>
     <span class='ocr_line' id='line_1_8' title="bbox 253 1088 482 1140; baseline -0.004 -12"><span class='ocrx_word' id='word_1_41' title='bbox 253 1088 394 1140; x_wconf 81' lang='lat' dir='ltr'>gium.</span> <span class='ocrx_word' id='word_1_42' title='bbox 426 1111 482 1116; x_wconf 89' lang='lat'>—</span> 
     </span>
    </p>

    <p class='ocr_par' dir='ltr' id='par_1_3' title="bbox 253 1174 1516 1396">
     <span class='ocr_line' id='line_1_9' title="bbox 340 1174 1516 1230; baseline -0.003 -13"><span class='ocrx_word' id='word_1_43' title='bbox 340 1177 501 1230; x_wconf 83' lang='lat' dir='ltr'>Itaque</span> <span class='ocrx_word' id='word_1_44' title='bbox 533 1176 779 1217; x_wconf 82' lang='lat' dir='ltr'>Creuzerus</span> <span class='ocrx_word' id='word_1_45' title='bbox 809 1176 1068 1229; x_wconf 88' lang='lat' dir='ltr'>opinionem</span> <span class='ocrx_word' id='word_1_46' title='bbox 1103 1189 1231 1216; x_wconf 78' lang='lat' dir='ltr'>suam</span> <span class='ocrx_word' id='word_1_47' title='bbox 1263 1174 1394 1215; x_wconf 71' lang='lat' dir='ltr'>nobis</span> <span class='ocrx_word' id='word_1_48' title='bbox 1423 1174 1516 1227; x_wconf 90' lang='lat' dir='ltr'>qui—</span> 
     </span>
     <span class='ocr_line' id='line_1_10' title="bbox 253 1263 1516 1319; baseline -0.002 -13"><span class='ocrx_word' id='word_1_49' title='bbox 253 1267 358 1307; x_wconf 88' lang='lat' dir='ltr'>dem</span> <span class='ocrx_word' id='word_1_50' title='bbox 386 1279 476 1306; x_wconf 90' lang='lat' dir='ltr'>non</span> <span class='ocrx_word' id='word_1_51' title='bbox 499 1266 741 1319; x_wconf 85' lang='lat' dir='ltr'>probatam</span> <span class='ocrx_word' id='word_1_52' title='bbox 764 1265 887 1305; x_wconf 89' lang='lat' dir='ltr'>haud</span> <span class='ocrx_word' id='word_1_53' title='bbox 917 1264 1011 1305; x_wconf 77' lang='lat' dir='ltr'>scio</span> <span class='ocrx_word' id='word_1_54' title='bbox 1041 1278 1099 1305; x_wconf 89' lang='lat' dir='ltr'>an</span> <span class='ocrx_word' id='word_1_55' title='bbox 1129 1278 1187 1305; x_wconf 81' lang='lat' dir='ltr'>ex</span> <span class='ocrx_word' id='word_1_56' title='bbox 1217 1263 1367 1304; x_wconf 90' lang='lat' dir='ltr'>medio</span> <span class='ocrx_word' id='word_1_57' title='bbox 1400 1277 1516 1303; x_wconf 79' lang='lat' dir='ltr'>aevo</span> 
     </span>
     <span class='ocr_line' id='line_1_11' title="bbox 253 1355 467 1396; baseline 0.005 -1"><span class='ocrx_word' id='word_1_58' title='bbox 253 1355 467 1396; x_wconf 82' lang='lat' dir='ltr'>hauserit.</span> 
     </span>
    </p>

    <p class='ocr_par' dir='ltr' id='par_1_4' title="bbox 251 1442 1516 2213">
     <span class='ocr_line' id='line_1_12' title="bbox 342 1442 1516 1497; baseline -0.002 -13"><span class='ocrx_word' id='word_1_59' title='bbox 342 1444 551 1484; x_wconf 84' lang='lat' dir='ltr'>Examen</span> <span class='ocrx_word' id='word_1_60' title='bbox 579 1443 733 1496; x_wconf 89' lang='lat' dir='ltr'>apium</span> <span class='ocrx_word' id='word_1_61' title='bbox 763 1443 882 1483; x_wconf 86' lang='lat' dir='ltr'>enim</span> <span class='ocrx_word' id='word_1_62' title='bbox 911 1457 1048 1497; x_wconf 81' lang='lat' dir='ltr'>supra</span> <span class='ocrx_word' id='word_1_63' title='bbox 1082 1443 1333 1484; x_wconf 80' lang='lat' dir='ltr'>exercitum</span> <span class='ocrx_word' id='word_1_64' title='bbox 1356 1442 1516 1483; x_wconf 85' lang='lat' dir='ltr'>Rollo-</span> 
     </span>
     <span class='ocr_line' id='line_1_13' title="bbox 253 1531 1516 1586; baseline -0.001 -13"><span class='ocrx_word' id='word_1_65' title='bbox 253 1533 334 1581; x_wconf 81' lang='lat' dir='ltr'>nis,</span> <span class='ocrx_word' id='word_1_66' title='bbox 358 1533 434 1586; x_wconf 89' lang='lat' dir='ltr'>qui</span> <span class='ocrx_word' id='word_1_67' title='bbox 454 1531 698 1586; x_wconf 72' lang='lat' dir='ltr'>(AODCCC</span> <span class='ocrx_word' id='word_1_68' title='bbox 715 1532 870 1586; x_wconf 87' lang='lat' dir='ltr'>p.Chr.</span> <span class='ocrx_word' id='word_1_69' title='bbox 887 1533 946 1585; x_wconf 84' lang='lat' dir='ltr'>n.)</span> <span class='ocrx_word' id='word_1_70' title='bbox 965 1532 1251 1573; x_wconf 76' lang='lat' dir='ltr'>Normannos</span> <span class='ocrx_word' id='word_1_71' title='bbox 1275 1532 1318 1572; x_wconf 90' lang='lat' dir='ltr'>in</span> <span class='ocrx_word' id='word_1_72' title='bbox 1336 1532 1516 1586; x_wconf 82' lang='lat' dir='ltr'>Anglo-</span> 
     </span>
     <span class='ocr_line' id='line_1_14' title="bbox 252 1621 1515 1675; baseline -0.001 -12"><span class='ocrx_word' id='word_1_73' title='bbox 252 1630 421 1663; x_wconf 89' lang='lat' dir='ltr'>terram</span> <span class='ocrx_word' id='word_1_74' title='bbox 447 1622 589 1670; x_wconf 81' lang='lat' dir='ltr'>duxit,</span> <span class='ocrx_word' id='word_1_75' title='bbox 624 1622 770 1662; x_wconf 83' lang='lat' dir='ltr'>visum</span> <span class='ocrx_word' id='word_1_76' title='bbox 804 1635 905 1662; x_wconf 79' lang='lat' dir='ltr'>esse</span> <span class='ocrx_word' id='word_1_77' title='bbox 939 1635 992 1662; x_wconf 89' lang='lat' dir='ltr'>ac</span> <span class='ocrx_word' id='word_1_78' title='bbox 1025 1622 1287 1675; x_wconf 84' lang='lat' dir='ltr'>prodigium</span> <span class='ocrx_word' id='word_1_79' title='bbox 1318 1621 1515 1662; x_wconf 78' lang='lat' dir='ltr'>faustum</span> 
     </span>
     <span class='ocr_line' id='line_1_15' title="bbox 251 1710 1515 1766; baseline 0 -15"><span class='ocrx_word' id='word_1_80' title='bbox 251 1711 357 1752; x_wconf 88' lang='lat' dir='ltr'>huic</span> <span class='ocrx_word' id='word_1_81' title='bbox 381 1711 663 1764; x_wconf 83' lang='lat' dir='ltr'>expeditioni</span> <span class='ocrx_word' id='word_1_82' title='bbox 685 1710 826 1753; x_wconf 82' lang='lat' dir='ltr'>fuisse</span> <span class='ocrx_word' id='word_1_83' title='bbox 849 1712 1054 1752; x_wconf 87' lang='lat' dir='ltr'>traditur.</span> <span class='ocrx_word' id='word_1_84' title='bbox 1090 1712 1145 1765; x_wconf 89' lang='lat' dir='ltr'>(V.</span> <span class='ocrx_word' id='word_1_85' title='bbox 1164 1711 1383 1766; x_wconf 89' lang='lat' dir='ltr'>Polydori</span> <span class='ocrx_word' id='word_1_86' title='bbox 1400 1711 1515 1752; x_wconf 88' lang='lat' dir='ltr'>Ver-</span> 
     </span>
     <span class='ocr_line' id='line_1_16' title="bbox 251 1800 1515 1854; baseline 0.002 -14"><span class='ocrx_word' id='word_1_87' title='bbox 251 1800 328 1854; x_wconf 87' lang='lat' dir='ltr'>gil.</span> <span class='ocrx_word' id='word_1_88' title='bbox 347 1800 557 1841; x_wconf 86' lang='lat' dir='ltr'>Urbinat.</span> <span class='ocrx_word' id='word_1_89' title='bbox 576 1800 762 1854; x_wconf 85' lang='lat' dir='ltr'>Anglic.</span> <span class='ocrx_word' id='word_1_90' title='bbox 780 1801 898 1842; x_wconf 86' lang='lat' dir='ltr'>Hist.</span> <span class='ocrx_word' id='word_1_91' title='bbox 917 1801 1098 1854; x_wconf 88' lang='lat' dir='ltr'>lib.Vp.</span> <span class='ocrx_word' id='word_1_92' title='bbox 1115 1804 1182 1854; x_wconf 82' lang='lat'>98,</span> <span class='ocrx_word' id='word_1_93' title='bbox 1202 1804 1249 1841; x_wconf 82' lang='lat'>16</span> <span class='ocrx_word' id='word_1_94' title='bbox 1270 1802 1339 1842; x_wconf 93' lang='lat' dir='ltr'>ed.</span> <span class='ocrx_word' id='word_1_95' title='bbox 1355 1801 1515 1842; x_wconf 90' lang='lat' dir='ltr'>Bebel.</span> 
     </span>
     <span class='ocr_line' id='line_1_17' title="bbox 251 1889 1516 1943; baseline 0.002 -15"><span class='ocrx_word' id='word_1_96' title='bbox 251 1889 389 1929; x_wconf 82' lang='lat' dir='ltr'>Basil.</span> <span class='ocrx_word' id='word_1_97' title='bbox 419 1889 770 1943; x_wconf 84' lang='lat' dir='ltr'>MDXXXIV.)</span> <span class='ocrx_word' id='word_1_98' title='bbox 832 1890 951 1931; x_wconf 87' lang='lat' dir='ltr'>Nam</span> <span class='ocrx_word' id='word_1_99' title='bbox 982 1890 1144 1939; x_wconf 86' lang='lat' dir='ltr'>Rollo,</span> <span class='ocrx_word' id='word_1_100' title='bbox 1185 1890 1373 1930; x_wconf 87' lang='lat' dir='ltr'>foedere</span> <span class='ocrx_word' id='word_1_101' title='bbox 1414 1904 1516 1931; x_wconf 88' lang='lat' dir='ltr'>cum</span> 
     </span>
     <span class='ocr_line' id='line_1_18' title="bbox 251 1977 1516 2034; baseline 0.002 -16"><span class='ocrx_word' id='word_1_102' title='bbox 251 1977 446 2019; x_wconf 86' lang='lat' dir='ltr'>Alfredo</span> <span class='ocrx_word' id='word_1_103' title='bbox 469 1978 783 2032; x_wconf 85' lang='lat' dir='ltr'>Angloterrae</span> <span class='ocrx_word' id='word_1_104' title='bbox 806 1993 920 2034; x_wconf 82' lang='lat' dir='ltr'>rege</span> <span class='ocrx_word' id='word_1_105' title='bbox 942 1980 1076 2028; x_wconf 88' lang='lat' dir='ltr'>facto,</span> <span class='ocrx_word' id='word_1_106' title='bbox 1106 1979 1259 2021; x_wconf 86' lang='lat' dir='ltr'>Celtos</span> <span class='ocrx_word' id='word_1_107' title='bbox 1282 1980 1516 2032; x_wconf 79' lang='lat' dir='ltr'>superavit</span> 
     </span>
     <span class='ocr_line' id='line_1_19' title="bbox 251 2067 1515 2122; baseline 0.003 -16"><span class='ocrx_word' id='word_1_108' title='bbox 251 2080 306 2107; x_wconf 87' lang='lat' dir='ltr'>ac</span> <span class='ocrx_word' id='word_1_109' title='bbox 337 2067 518 2107; x_wconf 85' lang='lat' dir='ltr'>nomine</span> <span class='ocrx_word' id='word_1_110' title='bbox 540 2067 750 2109; x_wconf 87' lang='lat' dir='ltr'>Roberto</span> <span class='ocrx_word' id='word_1_111' title='bbox 784 2068 828 2108; x_wconf 89' lang='lat' dir='ltr'>in</span> <span class='ocrx_word' id='word_1_112' title='bbox 861 2069 1139 2122; x_wconf 86' lang='lat' dir='ltr'>baptismate</span> <span class='ocrx_word' id='word_1_113' title='bbox 1173 2076 1368 2122; x_wconf 86' lang='lat' dir='ltr'>accepto</span> <span class='ocrx_word' id='word_1_114' title='bbox 1401 2070 1515 2110; x_wconf 90' lang='lat' dir='ltr'>Nor-</span> 
     </span>
     <span class='ocr_line' id='line_1_20' title="bbox 252 2156 1513 2213; baseline 0.004 -18"><span class='ocrx_word' id='word_1_115' title='bbox 252 2156 483 2196; x_wconf 86' lang='lat' dir='ltr'>mandiam</span> <span class='ocrx_word' id='word_1_116' title='bbox 524 2156 755 2199; x_wconf 84' lang='lat' dir='ltr'>constituit</span> <span class='ocrx_word' id='word_1_117' title='bbox 787 2158 865 2211; x_wconf 89' lang='lat' dir='ltr'>(A0</span> <span class='ocrx_word' id='word_1_118' title='bbox 886 2158 1142 2200; x_wconf 89' lang='lat' dir='ltr'>DCCCXII</span> <span class='ocrx_word' id='word_1_119' title='bbox 1169 2173 1212 2213; x_wconf 91' lang='lat' dir='ltr'>p.</span> <span class='ocrx_word' id='word_1_120' title='bbox 1234 2159 1337 2200; x_wconf 87' lang='lat' dir='ltr'>Chr.</span> <span class='ocrx_word' id='word_1_121' title='bbox 1356 2160 1426 2211; x_wconf 92' lang='lat' dir='ltr'>n.).</span> <span class='ocrx_word' id='word_1_122' title='bbox 1460 2184 1513 2189; x_wconf 91' lang='lat'>—</span> 
     </span>
    </p>

    <p class='ocr_par' dir='ltr' id='par_1_5' title="bbox 251 2243 1517 2391">
     <span class='ocr_line' id='line_1_21' title="bbox 339 2243 1515 2302; baseline 0.004 -18"><span class='ocrx_word' id='word_1_123' title='bbox 339 2243 452 2285; x_wconf 90' lang='lat' dir='ltr'>Cum</span> <span class='ocrx_word' id='word_1_124' title='bbox 485 2258 595 2285; x_wconf 88' lang='lat' dir='ltr'>vero</span> <span class='ocrx_word' id='word_1_125' title='bbox 637 2259 834 2287; x_wconf 81' lang='lat' dir='ltr'>examen</span> <span class='ocrx_word' id='word_1_126' title='bbox 873 2248 1027 2301; x_wconf 87' lang='lat' dir='ltr'>apium</span> <span class='ocrx_word' id='word_1_127' title='bbox 1060 2256 1105 2290; x_wconf 90' lang='lat' dir='ltr'>et</span> <span class='ocrx_word' id='word_1_128' title='bbox 1137 2257 1414 2302; x_wconf 84' lang='lat' dir='ltr'>potestatem</span> <span class='ocrx_word' id='word_1_129' title='bbox 1447 2263 1515 2289; x_wconf 93' lang='lat' dir='ltr'>re-</span> 
     </span>
     <span class='ocr_line' id='line_1_22' title="bbox 251 2333 1517 2391; baseline 0.005 -18"><span class='ocrx_word' id='word_1_130' title='bbox 251 2333 377 2386; x_wconf 85' lang='lat' dir='ltr'>giam</span> <span class='ocrx_word' id='word_1_131' title='bbox 409 2333 606 2374; x_wconf 86' lang='lat' dir='ltr'>futuram</span> <span class='ocrx_word' id='word_1_132' title='bbox 638 2337 947 2388; x_wconf 86' lang='lat' dir='ltr'>portenderet,</span> <span class='ocrx_word' id='word_1_133' title='bbox 979 2345 1028 2379; x_wconf 92' lang='lat' dir='ltr'>ut</span> <span class='ocrx_word' id='word_1_134' title='bbox 1060 2351 1199 2391; x_wconf 83' lang='lat' dir='ltr'>supra</span> <span class='ocrx_word' id='word_1_135' title='bbox 1231 2338 1437 2387; x_wconf 84' lang='lat' dir='ltr'>vidimus,</span> <span class='ocrx_word' id='word_1_136' title='bbox 1472 2346 1517 2379; x_wconf 91' lang='lat' dir='ltr'>et</span> 
     </span>
    </p>
   </div>
   <div class='ocr_carea' id='block_1_3' title="bbox 251 2423 1515 2479">
    <p class='ocr_par' dir='ltr' id='par_1_6' title="bbox 251 2423 1515 2479">
     <span class='ocr_line' id='line_1_23' title="bbox 251 2423 1515 2479; baseline 0.006 -17"><span class='ocrx_word' id='word_1_137' title='bbox 251 2423 510 2476; x_wconf 84' lang='lat' dir='ltr'>symbolum</span> <span class='ocrx_word' id='word_1_138' title='bbox 539 2424 745 2465; x_wconf 88' lang='lat' dir='ltr'>coloniae</span> <span class='ocrx_word' id='word_1_139' title='bbox 774 2438 877 2465; x_wconf 86' lang='lat' dir='ltr'>esse</span> <span class='ocrx_word' id='word_1_140' title='bbox 899 2432 1149 2479; x_wconf 87' lang='lat' dir='ltr'>putaretur,</span> <span class='ocrx_word' id='word_1_141' title='bbox 1180 2435 1229 2467; x_wconf 88' lang='lat' dir='ltr'>ut</span> <span class='ocrx_word' id='word_1_142' title='bbox 1252 2427 1367 2468; x_wconf 87' lang='lat' dir='ltr'>infra</span> <span class='ocrx_word' id='word_1_143' title='bbox 1390 2428 1515 2469; x_wconf 81' lang='lat' dir='ltr'>vide-</span> 
     </span>
    </p>
   </div>
  </div>
 </body>
</html>
