2042 3070
984 426 1274 465 *56ss

497 559 540 598 p.
561 545 664 586 Chr.
683 545 740 596 n.)
775 557 971 584 examen
1011 543 1164 597 apium
1203 542 1247 582 in
1286 542 1434 587 domo,
1455 542 1621 582 sedens
1652 541 1765 581 Bar-

498 633 708 681 bationis,
743 633 819 686 qui
852 632 1058 686 pedestri
1091 631 1277 672 militiae
1301 630 1539 671 Constanti
1571 630 1765 683 impera-

500 723 612 764 toris
660 728 894 775 praeerat,
943 728 989 761 et
1035 720 1140 761 huic
1188 719 1317 760 militi
1360 718 1508 760 veteri
1550 725 1595 759 et
1635 719 1767 759 uxori

501 813 649 853 dirum
683 816 914 852 ostentum
946 809 1086 850 fuisse
1126 823 1187 849 ex
1223 808 1469 849 Ammiano
1501 807 1768 849 Marcellino

501 901 779 955 colligimus,
827 899 904 954 qui
941 901 1061 940 hanc
1098 911 1196 939 rem
1236 897 1350 938 mira
1390 896 1769 951 interpretatione

502 991 708 1032 subiecta
764 990 828 1030 ita
881 988 1021 1030 refert
1069 986 1268 1041 (XVIII,
1304 986 1368 1038 3):
1433 986 1502 1034 ,In
1555 985 1771 1027 comitatu

501 1079 707 1133 Augusti
748 1080 880 1119 turbo
919 1090 1140 1118 novarum
1180 1075 1384 1117 exoritur
1414 1088 1582 1123 rerum,
1623 1088 1650 1115 a
1681 1073 1770 1128 pri-

502 1169 687 1210 mordiis
718 1167 898 1209 levibus
931 1168 990 1208 ad
1014 1169 1163 1208 luctus
1192 1172 1238 1206 et
1259 1155 1460 1206 lamenta
1482 1177 1769 1218 progressus.

500 1260 553 1300 In
572 1261 707 1300 domo
724 1257 1019 1298 Barbationis
1041 1256 1270 1310 pedestris
1289 1254 1477 1295 militiae
1493 1261 1602 1294 tunc
1624 1260 1770 1294 recto-

499 1348 560 1390 ris
593 1361 791 1389 examen
825 1359 938 1400 apes
970 1345 1122 1386 fecere
1154 1344 1479 1398 perspicuum.¹
1528 1341 1771 1396 Superque

500 1439 587 1479 hoc
627 1437 669 1478 ei
707 1435 1023 1490 prodigiorum
1069 1446 1240 1487 gnaros
1286 1433 1479 1473 sollicite
1520 1431 1773 1472 consulenti

501 1527 747 1568 discrimen
806 1538 1025 1579 magnum
1083 1523 1296 1577 portendi
1360 1535 1633 1576 responsum
1691 1527 1772 1569 est,

500 1617 763 1658 coniectura
791 1615 1007 1656 videlicet
1038 1614 1141 1662 tali3
1176 1614 1299 1667 quod
1322 1613 1410 1652 hae
1432 1612 1645 1652 volucres
1667 1618 1773 1664 post

504 1706 786 1760 compositas
818 1705 955 1746 sedes
988 1717 1195 1757 opesque
1226 1707 1488 1755 congestas,
1520 1699 1643 1740 fumo
1675 1700 1772 1753 pel-

498 1796 650 1836 lantur
688 1800 734 1835 et
772 1793 1035 1835 turbulento
1075 1791 1224 1832 sonitu
1258 1790 1586 1845 cymbalorum.
1651 1789 1772 1830 Huic

502 1897 620 1925 uxor
642 1889 742 1925 erat
764 1883 963 1937 Assyria
982 1915 988 1923 .
1009 1914 1017 1922 .
1039 1914 1047 1922 .
1070 1914 1077 1921 .
1112 1880 1367 1922 cervicibus
1396 1878 1608 1920 interiere
1640 1871 1772 1932 prae-

505 1972 637 2015 cisis.’
678 1998 726 2001 —
771 1971 1063 2014 Constantius
1110 1969 1248 2017 enim,
1297 1982 1399 2009 cum
1446 1967 1780 2011 Barbationem,

501 2062 680 2116 imperii
713 2061 928 2115 cupidum
962 2061 1104 2101 vitam
1137 2073 1265 2100 suam
1306 2065 1530 2113 expetere
1565 2070 1625 2098 ex
1656 2056 1773 2097 litte-

500 2152 561 2193 ris
603 2151 699 2192 eius
743 2151 802 2191 ad
842 2163 1036 2191 uxorum
1083 2149 1233 2189 missis
1279 2147 1564 2202 collegisset,
1613 2147 1773 2187 ambos

504 2239 697 2282 interfici
727 2239 870 2280 iussit.
905 2263 961 2268 -—

591 2327 685 2370 Sed
711 2341 813 2369 cum
842 2329 932 2369 iam
967 2340 1163 2368 examen
1192 2326 1345 2380 apium
1374 2333 1420 2367 et
1445 2326 1624 2366 cladem
1657 2324 1770 2364 mili-

500 2426 596 2459 tum
646 2424 691 2459 et
746 2425 938 2459 mortem
995 2417 1276 2470 singulorum
1325 2413 1614 2469 portendisse
1663 2413 1775 2454 satis
