2042 3070
704 445 989 485 -ρ-Δὸὃνεε-ι»

214 562 426 602 vitiosum
467 561 637 610 effecit,
676 570 725 603 ut
763 576 876 616 apes
916 564 1060 604 dirum
1094 565 1309 605 militibus
1342 581 1474 607 omen

213 657 380 691 essent.
451 650 552 704 Quo
592 665 700 692 suco
740 659 942 703 veteres,
993 653 1108 693 sicut
1147 654 1310 707 apibus
1348 656 1471 709 ipsis.

214 740 273 779 ad
304 740 463 780 hostes
496 741 780 794 superandos
811 742 1074 785 utebantur.
1110 743 1185 796 qui
1224 744 1357 784 melle
1398 745 1474 784 illo

212 827 431 882 pestifero
462 830 756 870 necabantur.

300 919 416 959 Illud
449 933 560 960 vero
598 921 706 967 mel,
746 921 868 973 quod
901 920 1052 960 animo
1086 935 1254 975 aegros
1299 935 1474 968 sanare,

213 1021 349 1048 sanos
387 1015 541 1049 autem
584 1011 643 1050 ad
680 1009 900 1050 insaniam
947 1009 1137 1063 adigere
1180 1010 1349 1051 dictum
1392 1019 1471 1052 est.

211 1098 461 1150 praecipue
522 1099 603 1159 ad.
631 1098 965 1151 Trapezuntem
1018 1100 1177 1139 urbem
1232 1099 1276 1138 in
1327 1099 1474 1139 Ponto

213 1187 346 1226 sitam
394 1187 724 1228 inveniebatur.
799 1188 852 1227 Id
898 1190 1020 1240 quod
1068 1188 1157 1229 iam
1199 1189 1474 1229 Aristoteles

212 1276 275 1316 ita
307 1276 446 1316 tradit
495 1277 552 1329 (p.
574 1279 670 1327 831,
692 1277 732 1317 B
760 1291 809 1317 22
842 1279 912 1317 ed.
936 1278 1161 1330 Bekker):
1207 1275 1285 1324 ,Ἐν
1315 1275 1475 1330 Τραπε-

211 1362 350 1420 ζοῦντι
387 1366 439 1418 τῇ
476 1364 517 1405 ἐν
554 1366 616 1418 τῷ
649 1364 798 1418 Πόντῳ
834 1365 996 1420 γίνεται
1032 1364 1081 1406 τὸ
1118 1361 1199 1406 ἀπὸ
1235 1369 1310 1420 τῆς
1349 1366 1476 1423 πύξου

211 1451 306 1505 μέλι
326 1450 579 1507 βαρύοσμον·
610 1450 684 1492 καί
711 1464 816 1505 φασι
840 1455 966 1491 τοῦτο
993 1451 1088 1501 τεὺς
1115 1451 1187 1505 μὲν
1213 1450 1476 1506 ὑγιαίνοντας

210 1535 438 1596 ἐξιστάναι,
459 1536 554 1588 τοὺς
571 1537 615 1578 δὲ
635 1535 882 1592 ἐπιλήπτους
897 1538 971 1579 καὶ
986 1538 1143 1589 τελέως
1160 1535 1474 1580 &vallic-„3¹:11

301 1626 403 1680 Quo
437 1627 495 1667 de
528 1626 628 1680 ipso
661 1627 796 1667 melle
828 1627 1018 1675 Plinius,
1059 1628 1136 1668 ubi
1169 1629 1297 1668 varia
1329 1629 1476 1668 mellis

212 1730 389 1770 genera
429 1722 683 1763 enumerat,
731 1715 794 1756 ita
840 1724 993 1757 narrat
1034 1717 1101 1769 (N.
1125 1716 1182 1757 H.
1207 1716 1352 1765 XXI,
1382 1717 1475 1769 45):

211 1805 367 1853 ‚Aliud
399 1818 548 1858 genus
590 1805 635 1844 in
673 1806 836 1846 eodem
868 1805 1003 1846 Ponti
1042 1806 1146 1853 situ,
1188 1813 1328 1858 gente
1362 1804 1474 1846 San-

208 1907 392 1940 norum,
431 1894 598 1941 mellis,
637 1896 760 1947 quod
801 1895 859 1934 ab
898 1895 1093 1943 insania,
1136 1908 1272 1948 quam
1313 1895 1476 1947 gignit,

211 1996 546 2023 maenomenon
575 1982 769 2024 vocant.’
791 2008 846 2012 —
869 1984 1118 2024 Praeterea
1146 1984 1275 2023 locus
1297 1983 1475 2023 Aristo-

209 2073 312 2114 telis
348 2080 393 2114 et
421 2087 447 2113 a
477 2073 743 2114 Democrito
776 2072 1041 2126 (Geoponic.
1064 2074 1139 2114 lib.
1164 2073 1271 2122 XV,
1296 2089 1332 2124 o,
1358 2074 1396 2125 4)
1431 2081 1476 2114 et

210 2161 310 2202 aliis
358 2162 510 2201 verbis
560 2163 617 2202 ab
656 2162 852 2203 Aeliano
901 2168 1283 2202 commemoratur
1330 2162 1401 2214 (A.
1421 2163 1474 2202 N.

209 2251 266 2299 V,
290 2251 374 2302 42).
439 2250 596 2304 Atque
629 2252 926 2292 Dioscorides
968 2251 1040 2304 (de
1072 2251 1264 2291 materia
1297 2251 1476 2291 medica

210 2340 267 2388 II,
296 2341 389 2393 103)
424 2341 513 2380 mel
545 2340 653 2380 illud
691 2341 904 2380 sudorem
937 2353 1123 2380 movere
1157 2341 1304 2381 docet.
1367 2339 1475 2378 Pro-

211 2430 371 2483 copius
405 2431 477 2483 (de
500 2430 622 2469 bello
644 2427 781 2470 Goth.
804 2429 884 2475 IV,
911 2429 947 2481 2)
981 2429 1081 2481 ipse
1114 2442 1294 2481 quoque
1328 2427 1474 2467 mellis

1225 2509 1239 2542 5
