2042 3070
1004 427 1291 466 *424

516 546 709 586 solutam
740 544 1086 598 perfectamque
1118 559 1276 599 pugna
1309 545 1513 598 sequitur
1544 558 1699 586 eorum
1733 552 1778 586 et

514 635 681 687 apium,
705 647 823 687 quae
845 641 895 674 ut
916 634 1152 687 Vergilius
1174 634 1326 688 prodit
1349 633 1535 687 (Georg.
1555 633 1634 682 IV,
1658 634 1776 686 168):

515 723 772 777 ‚ignavum,
819 723 966 771 fucos,
1012 737 1155 777 pecus
1194 738 1221 764 a
1260 723 1564 776 praesepibus
1603 724 1778 765 arcent'

515 814 570 865 (v,
595 813 714 853 hunc
741 826 858 854 vers.
882 813 1002 854 laud.
1028 828 1100 867 ap.
1120 813 1355 854 Columell.
1380 812 1466 862 IX,
1491 812 1567 865 15).
1610 813 1776 867 Quam-

513 903 671 943 obrem
702 901 833 943 sucus
867 903 1090 951 ,immunis
1122 904 1289 944 sedens
1322 902 1472 943 aliena
1504 903 1564 943 ad
1595 904 1777 957 pabula'

515 992 570 1045 (v.
600 991 776 1045 Vergil.
804 990 975 1046 Georg.
1000 992 1079 1040 IV,
1105 992 1202 1044 244)
1246 1006 1273 1032 a
1311 992 1545 1033 veteribus
1593 993 1778 1046 saepius

512 1081 583 1122 fur
621 1095 757 1134 quam
796 1081 926 1122 fucus
963 1080 1282 1122 nominabatur
1313 1105 1370 1110 ——
1401 1094 1532 1121 nam:
1581 1081 1669 1130 ,fur
1700 1082 1778 1135 qui

513 1178 704 1211 vocatur
743 1171 841 1211 aliis
879 1169 1029 1211 fucus'
1060 1170 1210 1210 Varro
1251 1162 1589 1222 (RssR.111,16‚
1614 1171 1678 1223 19)
1717 1171 1779 1211 ait

514 1284 566 1290 —-
599 1269 737 1313 atque
767 1260 830 1300 ita
858 1260 1173 1314 spernebatur,
1205 1265 1254 1300 ut
1281 1258 1470 1301 Servius
1503 1260 1577 1313 (ad
1599 1260 1776 1314 Vergil.

513 1350 707 1390 Aeneid.
733 1348 885 1402 I,435)
925 1349 1133 1390 nobiliori
1171 1362 1231 1389 ex
1269 1350 1390 1389 bove
1424 1349 1541 1394 ortui
1580 1349 1674 1390 eius
1713 1350 1776 1390 in-

512 1439 676 1480 videns
698 1437 906 1487 affirmet,
930 1452 1033 1479 eum
1062 1451 1123 1479 ex
1147 1452 1264 1492 equo
1287 1437 1547 1492 putrefacto
1570 1439 1778 1492 genitum

513 1543 637 1578 esse,
684 1529 731 1569 id
764 1530 886 1582 quod
924 1529 1031 1569 alibi
1065 1529 1122 1569 de
1154 1528 1312 1581 vespis
1343 1527 1516 1568 homini
1546 1528 1778 1569 inutilibus

511 1618 722 1671 legimus.
784 1618 997 1672 Pugnam
1034 1631 1145 1659 vero
1179 1619 1339 1658 horum
1377 1617 1526 1658 furum
1565 1625 1611 1658 et
1642 1617 1776 1658 irata-

513 1722 611 1749 rum
631 1708 798 1761 apium,
823 1721 941 1761 quae
958 1707 1175 1748 militibus
1199 1708 1455 1761 comparari
1473 1708 1630 1756 solent,
1654 1709 1778 1761 apud

510 1798 769 1851 Vergilium
810 1797 1016 1850 aliosque
1054 1797 1121 1837 rei
1152 1797 1351 1838 rusticae
1391 1796 1640 1850 scriptores
1673 1799 1777 1838 sub-

511 1887 649 1928 tiliter
677 1887 975 1941 explanatam
1008 1887 1263 1928 invenimus
1302 1888 1357 1940 (V.
1382 1885 1732 1940 MagerstedtTl.
1750 1887 1776 1928 1.

511 1993 554 2031 p.
582 1978 663 2030 56).
701 2001 753 2006 —

600 2067 720 2121 Apis
739 2073 904 2114 autem,
928 2081 1029 2108 cum
1047 2065 1199 2107 fucum
1217 2080 1378 2120 pugna
1401 2066 1635 2120 expellere
1652 2073 1777 2107 recte

511 2163 748 2211 putaretur
789 2164 835 2197 et
874 2156 970 2196 eius
1010 2156 1199 2196 castitas
1232 2156 1555 2201 celebraretur,
1594 2155 1776 2209 symbo-

511 2247 602 2286 lum
651 2259 739 2286 non
779 2246 925 2286 solum
966 2245 1234 2299 diligentiae
1275 2251 1435 2286 contra
1466 2244 1701 2298 pigritiam
1732 2244 1777 2284 in

510 2336 770 2376 hominibus
805 2335 1035 2382 certantis,
1074 2336 1156 2374 sed
1190 2334 1328 2374 etiam
1361 2333 1586 2374 castitatis
1619 2339 1777 2374 contra
1814 2364 1819 2369 .

510 2425 744 2467 libidinem
783 2423 906 2465 facta
939 2432 1020 2464 est.
1086 2422 1262 2476 Quibus
1300 2422 1656 2476 cogitationibus
1687 2420 1776 2461 for-

2038 602 2042 612 -
2037 518 2042 544 --
2037 414 2042 465 ......
2028 118 2042 388 -⁴.ffl--—2..=.—..A.
